;; -*- mode: org; mode: beancount; coding: utf-8; fill-column: 400; -*-


* Initialization

** Options

option "title" "Comptes Famille Gros"

option "operating_currency" "EUR"
option "name_assets" "Actif"
option "name_liabilities" "Passif"
option "name_equity" "Equity"
option "name_income" "Revenus"
option "name_expenses" "Depenses"
option "documents" "./"

plugin "beancount.plugins.check_commodity"
;plugin "fava.plugins.tag_discovered_documents"
;plugin "fava.plugins.link_documents"


;; Options propres à FAVA
1981-02-07 custom "fava-option" "interval" "month"
1981-02-07 custom "fava-option" "import-config" "./Famille.import"
1981-02-07 custom "fava-option" "import-dirs" "./A_Importer"
1981-02-07 custom "fava-sidebar-link" "Documents" "https://fava.famillegros.com/comptes-famille-gros/journal/?show=document"
1981-02-07 custom "fava-extension" "myAutoCommit"


** General Accounts
;; We need to declare a few general accounts that we will use below.

;; Declare some sort of account to use as the source for padding
;; entries (see below). Use your birth date... that's when you began
;; accumulating equity!
1981-02-07 open Equity:Opening-Balances                     EUR

** Events
;; This is a section where I declare some general properties.

;; Enter the date when this address last changed and its curent value.
;2008-07-01 event "address" "12345 Brick Lane, New York City, NY 10011, USD"

;; Same thing with your employer.
1981-07-02 event "Ma Vie" "Naissance !"

** Commodities
;; https://github.com/ghislainbourgeois/beancount_portfolio_allocation

1999-01-01 commodity EUR
  asset-class: "cash"
  asset-subclass: "cash"

2018-10-01 commodity CTS1
  asset-class: "actions"
  asset-subclass: "PME"
  
2018-10-01 commodity CTS2
  asset-class: "actions"
  asset-subclass: "PME"

2016-02-26 commodity RESIDENCE_PRINCIPALE
  asset-class: "Immo"
  asset-subclass: "Residentiel"

1998-01-01 commodity RP_PARENTS
  asset-class: "Immo"
  asset-subclass: "Residentiel"

2018-01-01 commodity JARDINSEUROPE
  asset-class: "Immo"
  asset-subclass: "Locatif"
  
* Comptes
** Comptes Courants
*** CCTim
2013-08-26 open Actif:Boursorama:CCTim
  account: "00040132901"
2013-08-27 pad  Actif:Boursorama:CCTim  Equity:Opening-Balances

2019-01-01 balance  Actif:Boursorama:CCTim          6534.49 EUR
2019-01-02 * "VIR Versement Mensuel TG" ""
  source: "qif"
  Actif:Boursorama:CCJoint                          1500.00 EUR
  Actif:Boursorama:CCTim                           -1500.00 EUR

2019-01-02 ! "REM CHQ N. 0688464" ""
  source: "qif"
  Actif:Boursorama:CCJoint                            50.00 EUR
  Revenus:VentesAnna                                 -50.00 EUR

2019-01-07 * "VIR interne" ""
  source: "qif"
  Actif:Boursorama:CCJoint                          1500.00 EUR
  Actif:Boursorama:CCTim                           -1500.00 EUR

2019-02-04 * "VIR Versement Mensuel TG" ""
  source: "qif"
  Actif:Boursorama:CCJoint                          1500.00 EUR
  Actif:Boursorama:CCTim                           -1500.00 EUR

2019-03-04 * "VIR Versement Mensuel TG" ""
  source: "qif"
  Actif:Boursorama:CCJoint                          1500.00 EUR
  Actif:Boursorama:CCTim                           -1500.00 EUR

2019-03-05 * "PRLV SEPA FREE MOBILE" ""
  source: "qif"
  Actif:Boursorama:CCJoint                            -4.70 EUR
  Depenses:Abo:Telephone                               4.70 EUR

2019-04-02 * "VIR Versement Mensuel TG" ""
  source: "qif"
  Actif:Boursorama:CCJoint                          1500.00 EUR
  Actif:Boursorama:CCTim                           -1500.00 EUR

2019-05-02 * "VIR Versement Mensuel TG" ""
  source: "qif"
  Actif:Boursorama:CCJoint                          1500.00 EUR
  Actif:Boursorama:CCTim                           -1500.00 EUR

2019-06-03 * "VIR Versement Mensuel TG" ""
  source: "qif"
  Actif:Boursorama:CCJoint                          1500.00 EUR
  Actif:Boursorama:CCTim                           -1500.00 EUR

2019-07-02 * "VIR Versement Mensuel TG" ""
  source: "qif"
  Actif:Boursorama:CCJoint                          1500.00 EUR
  Actif:Boursorama:CCTim                           -1500.00 EUR

2019-01-02 * "Relev{ diff{r{ Carte 4979********1974" ""
  source: "qif"
  Actif:Boursorama:CCTim                           -1295.79 EUR
  Passif:Boursorama:CBTim                           1295.79 EUR

2019-01-07 * "CHQ. N.0255103" ""
  source: "qif"
  Actif:Boursorama:CCTim                            -110.00 EUR
  Depenses:Immobilier:Menage:Salaire                 110.00 EUR

2019-01-08 * "PRLV SEPA Free Telecom" ""
  source: "qif"
  Actif:Boursorama:CCTim                              -9.99 EUR
  Depenses:Abo:Internet                                9.99 EUR

2019-01-08 * "*INTERETS DEBITEURS AU 31/12/18" ""
  source: "qif"
  Actif:Boursorama:CCTim                              -2.34 EUR
  Depenses:Banque:Frais                                2.34 EUR

2019-01-09 * "VIR SEPA SAS TECNAL" ""
  source: "qif"
  Actif:Boursorama:CCTim                             530.31 EUR
  Actif:NoteDeFrais                                 -530.31 EUR

2019-01-10 * "PRLV SEPA GENERALI VIE SA" ""
  source: "qif"
  Actif:Boursorama:CCTim                            -150.00 EUR
  Actif:Linxea:AVTim1                                150.00 EUR

2019-01-10 * "VIR SEPA GROS Timothee" ""
  source: "qif"
  Actif:Boursorama:CCTim                            -150.00 EUR
  Actif:Bink:CTO:Cash                                150.00 EUR

2019-01-11 * "VIR SEPA BOULON GILLES JE" ""
  source: "qif"
  Actif:Boursorama:CCTim                               8.00 EUR
  Depenses:Abo:Serveur                                -8.00 EUR

2019-01-15 * "PRLV SEPA GENERALI VIE SA" ""
  source: "qif"
  Actif:Boursorama:CCTim                            -150.00 EUR
  Actif:Boursorama:AVTim2                            150.00 EUR

2019-01-16 * "PRLV SEPA American Express Carte-France" ""
  source: "qif"
  Actif:Boursorama:CCTim                           -1433.39 EUR
  Passif:AirFrance:Amex                             1433.39 EUR

2019-01-17 ! "CHQ. N.0255105" ""
  source: "qif"
  Actif:Boursorama:CCTim                             -57.00 EUR
  Depenses:A-CLASSER                                  57.00 EUR

2019-01-22 ! "CHQ. N.0255106" ""
  source: "qif"
  Actif:Boursorama:CCTim                             -55.00 EUR
  Depenses:A-CLASSER                                  55.00 EUR

2019-01-29 * "RETRAIT DAB 26012019 NIORT       CB*1974" ""
  source: "qif"
  Actif:Boursorama:CCTim                             -20.00 EUR
  Actif:Cash                                          20.00 EUR

2019-01-31 * "VIR SEPA TECNAL S.A.S" ""
  source: "qif"
  Actif:Boursorama:CCTim                            3160.45 EUR
  Revenus:Salaires:Tecnal                          -3160.45 EUR

2019-02-01 balance  Actif:Boursorama:CCTim          3799.74 EUR

2019-02-01 * "Relev{ diff{r{ Carte 4979********1974" ""
  source: "qif"
  Actif:Boursorama:CCTim                            -728.64 EUR
  Passif:Boursorama:CBTim                            728.64 EUR

2019-02-01 * "Relev{ diff{r{ Carte 4979********1974" ""
  source: "qif"
  Actif:Boursorama:CCTim                              27.50 EUR
  Passif:Boursorama:CBTim                            -27.50 EUR

2019-02-01 ! "CHQ. N.0255104" ""
  source: "qif"
  Actif:Boursorama:CCTim                             -20.00 EUR
  Depenses:A-CLASSER                                  20.00 EUR

2019-02-04 * "RETRAIT DAB 02022019 NIORT       CB*1974" ""
  source: "qif"
  Actif:Boursorama:CCTim                             -20.00 EUR
  Actif:Cash                                          20.00 EUR

2019-02-05 ! "CHQ. N.0255107" ""
  source: "qif"
  Actif:Boursorama:CCTim                             -10.00 EUR
  Depenses:A-CLASSER                                  10.00 EUR

2019-02-05 * "PRLV SEPA SURAVENIR" ""
  source: "qif"
  Actif:Boursorama:CCTim                            -150.00 EUR
  Actif:Linxea:CapiElise                             150.00 EUR

2019-02-06 * "CHQ. N.1738268" ""
  source: "qif"
  Actif:Boursorama:CCTim                            -120.00 EUR
  Depenses:Immobilier:Menage:Salaire                 120.00 EUR

2019-02-06 * "PRLV SEPA Free Telecom" ""
  source: "qif"
  Actif:Boursorama:CCTim                              -9.99 EUR
  Depenses:Abo:Internet                                9.99 EUR

2019-02-11 * "PRLV SEPA SURAVENIR" ""
  source: "qif"
  Actif:Boursorama:CCTim                            -155.13 EUR
  Actif:Linxea:CapiFelicien                          155.13 EUR

2019-02-11 * "PRLV SEPA GENERALI VIE SA" ""
  source: "qif"
  Actif:Boursorama:CCTim                            -150.00 EUR
  Actif:Linxea:AVTim1                                150.00 EUR

2019-02-11 * "VIR SEPA GROS Timothee" ""
  source: "qif"
  Actif:Boursorama:CCTim                            -150.00 EUR
  Actif:Bink:CTO:Cash                                150.00 EUR

2019-02-11 * "VIR SEPA BOULON GILLES JE" ""
  source: "qif"
  Actif:Boursorama:CCTim                               8.00 EUR
  Depenses:Abo:Serveur                                -8.00 EUR

2019-02-12 * "PRLV SEPA GENERALI VIE SA" ""
  source: "qif"
  Actif:Boursorama:CCTim                            -150.00 EUR
  Actif:Boursorama:AVTim2                            150.00 EUR

2019-02-14 * "PRLV SEPA American Express Carte-France" ""
  source: "qif"
  Actif:Boursorama:CCTim                            -181.74 EUR
  Passif:AirFrance:Amex                              181.74 EUR

2019-02-21 ! "CHQ. N.0255101" ""
  source: "qif"
  Actif:Boursorama:CCTim                             -10.00 EUR
  Depenses:A-CLASSER                                  10.00 EUR

2019-02-21 ! "CHQ. N.0255102" ""
  source: "qif"
  Actif:Boursorama:CCTim                            -160.00 EUR
  Depenses:A-CLASSER                                 160.00 EUR

2019-02-28 * "VIR SEPA TECNAL S.A.S" ""
  source: "qif"
  Actif:Boursorama:CCTim                            3140.89 EUR
  Revenus:Salaires:Tecnal                          -3140.89 EUR

2019-03-01 balance  Actif:Boursorama:CCTim          3460.63 EUR

2019-03-01 * "Relev{ diff{r{ Carte 4979********1974" ""
  source: "qif"
  Actif:Boursorama:CCTim                           -1288.40 EUR
  Passif:Boursorama:CBTim                           1288.40 EUR

2019-03-07 * "PRLV SEPA Free Telecom" ""
  source: "qif"
  Actif:Boursorama:CCTim                              -9.99 EUR
  Depenses:Abo:Internet                                9.99 EUR

2019-03-07 * "CHQ. N.1738273" ""
  source: "qif"
  Actif:Boursorama:CCTim                             -96.00 EUR
  Depenses:Immobilier:Menage:Salaire                  96.00 EUR

2019-03-11 * "PRLV SEPA GENERALI VIE SA" ""
  source: "qif"
  Actif:Boursorama:CCTim                            -150.00 EUR
  Actif:Linxea:AVTim1                                150.00 EUR

2019-03-11 * "VIR SEPA GROS Timothee" ""
  source: "qif"
  Actif:Boursorama:CCTim                            -150.00 EUR
  Actif:Bink:CTO:Cash                                150.00 EUR

2019-03-11 * "VIR SEPA BOULON GILLES JE" ""
  source: "qif"
  Actif:Boursorama:CCTim                               8.00 EUR
  Depenses:Abo:Serveur                                -8.00 EUR

2019-03-13 * "PRLV SEPA GENERALI VIE SA" ""
  source: "qif"
  Actif:Boursorama:CCTim                            -150.00 EUR
  Actif:Boursorama:AVTim2                            150.00 EUR

2019-03-12 * "CHQ. N.1738270" "Psy Anna"
  source: "qif"
  Actif:Boursorama:CCTim                             -55.00 EUR
  Depenses:Sante                                      55.00 EUR

2019-03-14 * "PRLV SEPA American Express Carte-France" ""
  source: "qif"
  Actif:Boursorama:CCTim                            -157.71 EUR
  Passif:AirFrance:Amex                              157.71 EUR

2019-03-15 * "VIR SEPA LEROUX YANNICK" ""
  source: "qif"
  Actif:Boursorama:CCTim                               8.00 EUR
  Depenses:Abo:Serveur                                -8.00 EUR

2019-03-27 * "CHQ. N.1738269" "APEL"
  source: "qif"
  Actif:Boursorama:CCTim                             -20.00 EUR
  Depenses:Enfants:Scolarite                          20.00 EUR

2019-03-29 * "VIR SEPA TECNAL S.A.S" ""
  source: "qif"
  Actif:Boursorama:CCTim                            3124.92 EUR
  Revenus:Salaires:Tecnal                          -3124.92 EUR
  
2019-04-01 balance  Actif:Boursorama:CCTim          3024.45 EUR

2019-04-01 * "Relev{ diff{r{ Carte 4979********1974" ""
  source: "qif"
  Actif:Boursorama:CCTim                            -753.56 EUR
  Passif:Boursorama:CBTim                            753.56 EUR

2019-04-02 * "RETRAIT DAB 30/03/19 NIORT       CB*1974" ""
  source: "qif"
  Actif:Boursorama:CCTim                             -50.00 EUR
  Actif:Cash                                          50.00 EUR

2019-04-05 * "PRLV SEPA Free Telecom" ""
  source: "qif"
  Actif:Boursorama:CCTim                              -9.99 EUR
  Depenses:Abo:Internet                                9.99 EUR

2019-04-05 * "*INTERETS DEBITEURS AU 31/03/19" ""
  source: "qif"
  Actif:Boursorama:CCTim                              -0.24 EUR
  Depenses:Banque:Frais                                0.24 EUR

2019-04-08 ! "VIR SEPA FACILITY" ""
  source: "qif"
  Actif:Boursorama:CCTim                              70.00 EUR
  Depenses:A-CLASSER                                 -70.00 EUR

2019-04-09 * "RETRAIT DAB 06/04/19 NIORT       CB*1974" ""
  source: "qif"
  Actif:Boursorama:CCTim                             -50.00 EUR
  Actif:Cash                                          50.00 EUR

2019-04-10 * "VIR SEPA GROS Timothee" ""
  source: "qif"
  Actif:Boursorama:CCTim                            -150.00 EUR
  Actif:Bink:CTO:Cash                                150.00 EUR

2019-04-11 * "PRLV SEPA GENERALI VIE SA" ""
  source: "qif"
  Actif:Boursorama:CCTim                            -150.00 EUR
  Actif:Linxea:AVTim1                                150.00 EUR

2019-04-12 * "PRLV SEPA GENERALI VIE SA" ""
  source: "qif"
  Actif:Boursorama:CCTim                            -150.00 EUR
  Actif:Boursorama:AVTim2                            150.00 EUR

2019-04-15 * "PRLV SEPA American Express Carte-France" ""
  source: "qif"
  Actif:Boursorama:CCTim                            -323.94 EUR
  Passif:AirFrance:Amex                              323.94 EUR

2019-04-11 * "VIR SEPA BOULON GILLES JE" ""
  source: "qif"
  Actif:Boursorama:CCTim                               8.00 EUR
  Depenses:Abo:Serveur                                -8.00 EUR

2019-04-15 * "VIR SEPA M.OU MME LEROUX YANNICK" ""
  source: "qif"
  Actif:Boursorama:CCTim                              10.40 EUR
  Depenses:Abo:Serveur                               -10.40 EUR

2019-04-17 * "*CION CB OP. ETR 04/19 BOAMGXB-GAB-1-" ""
  source: "qif"
  Actif:Boursorama:CCTim                              -3.88 EUR
  Depenses:Banque:Frais                                3.88 EUR

2019-04-17 * "RETRAIT DAB 16/04/19 BOAMGXB-GAB CB*1974" "Retrait à Madagascar"
  source: "qif"
  Actif:Boursorama:CCTim                            -200.22 EUR
  Depenses:Loisirs:Voyages                           200.22 EUR

2019-04-17 * "*CION CB OP. ETR 04/19 BOAMGXB-GAB-1-" ""
  source: "qif"
  Actif:Boursorama:CCTim                              -3.88 EUR
  Depenses:Banque:Frais                                3.88 EUR

2019-04-17 * "RETRAIT DAB 16/04/19 BOAMGXB-GAB CB*1974" "Madagascar"
  source: "qif"
  Actif:Boursorama:CCTim                            -200.22 EUR
  Depenses:Loisirs:Voyages                           200.22 EUR

2019-04-17 * "RETRAIT DAB 16/04/19 BOAMGXB-GAB CB*1974" "Madagascar"
  source: "qif"
  Actif:Boursorama:CCTim                            -200.22 EUR
  Depenses:Loisirs:Voyages                           200.22 EUR

2019-04-17 * "*CION CB OP. ETR 04/19 BOAMGXB-GAB-1-" ""
  source: "qif"
  Actif:Boursorama:CCTim                              -3.88 EUR
  Depenses:Banque:Frais                                3.88 EUR

2019-04-23 * "VIR SEPA SAS TECNAL" ""
  source: "qif"
  Actif:Boursorama:CCTim                             455.60 EUR
  Actif:NoteDeFrais                                 -455.60 EUR

2019-04-23 * "*CION CB OP. ETR 04/19 BNI GAB 65 IHO" ""
  source: "qif"
  Actif:Boursorama:CCTim                              -0.97 EUR
  Depenses:Banque:Frais                                0.97 EUR

2019-04-23 * "RETRAIT DAB 21/04/19 BNI GAB 65  CB*1974" "Madagascar"
  source: "qif"
  Actif:Boursorama:CCTim                             -50.21 EUR
  Depenses:Loisirs:Voyages                            50.21 EUR

2019-04-30 * "VIR SEPA TECNAL S.A.S" ""
  source: "qif"
  Actif:Boursorama:CCTim                            4893.55 EUR
  Revenus:Salaires:Tecnal                          -4893.55 EUR

2019-05-01 balance  Actif:Boursorama:CCTim          4560.79 EUR

2019-05-02 * "Relev{ diff{r{ Carte 4979********1974" ""
  source: "qif"
  Actif:Boursorama:CCTim                            -835.73 EUR
  Passif:Boursorama:CBTim                            835.73 EUR

2019-05-06 * "VIR Virement interne depuis COMPTE PERS" ""
  source: "qif"
  Actif:Boursorama:CCTim                           -1500.00 EUR
  Actif:Boursorama:CELTim                           1500.00 EUR

2019-05-06 ! "PRLV SEPA SURAVENIR" ""
  source: "qif"
  Actif:Boursorama:CCTim                            -150.00 EUR
  Actif:Linxea:CapiElise                             150.00 EUR

2019-05-07 * "PRLV SEPA Free Telecom" ""
  source: "qif"
  Actif:Boursorama:CCTim                              -9.99 EUR
  Depenses:Abo:Internet                                9.99 EUR

2019-05-10 * "PRLV SEPA SURAVENIR" ""
  source: "qif"
  Actif:Boursorama:CCTim                            -155.13 EUR
  Actif:Linxea:CapiFelicien                          155.13 EUR

2019-05-10 * "PRLV SEPA GENERALI VIE SA" ""
  source: "qif"
  Actif:Boursorama:CCTim                            -150.00 EUR
  Actif:Linxea:AVTim1                                150.00 EUR

2019-05-13 * "PRLV SEPA GENERALI VIE SA" ""
  source: "qif"
  Actif:Boursorama:CCTim                            -150.00 EUR
  Actif:Boursorama:AVTim2                            150.00 EUR

2019-05-10 * "VIR SEPA GROS Timothee" ""
  source: "qif"
  Actif:Boursorama:CCTim                            -150.00 EUR
  Actif:Bink:CTO:Cash                                150.00 EUR

2019-05-13 * "VIR SEPA BOULON GILLES JE" ""
  source: "qif"
  Actif:Boursorama:CCTim                               8.00 EUR
  Depenses:Abo:Internet                               -8.00 EUR

2019-05-15 * "PRLV SEPA American Express Carte-France" ""
  source: "qif"
  Actif:Boursorama:CCTim                            -377.14 EUR
  Passif:AirFrance:Amex                              377.14 EUR

2019-05-15 * "VIR SEPA M.OU MME LEROUX YANNICK" ""
  source: "qif"
  Actif:Boursorama:CCTim                              10.40 EUR
  Depenses:Abo:Serveur                               -10.40 EUR

2019-05-31 * "VIR SEPA TECNAL S.A.S" ""
  source: "qif"
  Actif:Boursorama:CCTim                            3275.02 EUR
  Revenus:Salaires:Tecnal                          -3275.02 EUR

2019-06-01 balance  Actif:Boursorama:CCTim          2876.22 EUR

2019-06-03 * "Relev{ diff{r{ Carte 4979********1974" ""
  source: "qif"
  Actif:Boursorama:CCTim                           -1088.58 EUR
  Passif:Boursorama:CBTim                           1088.58 EUR

2019-06-06 * "PRLV SEPA Free Telecom" ""
  source: "qif"
  Actif:Boursorama:CCTim                             -37.97 EUR
  Depenses:Abo:Internet                               37.97 EUR

2019-06-10 * "VIR SEPA GROS Timothee" ""
  source: "qif"
  Actif:Boursorama:CCTim                            -150.00 EUR
  Actif:Bink:CTO:Cash                                150.00 EUR

2019-06-11 * "VIR SEPA BOULON GILLES JE" ""
  source: "qif"
  Actif:Boursorama:CCTim                               8.00 EUR
  Depenses:Abo:Serveur                                -8.00 EUR

2019-06-11 * "PRLV SEPA GENERALI VIE SA" ""
  source: "qif"
  Actif:Boursorama:CCTim                            -150.00 EUR
  Actif:Linxea:AVTim1                                150.00 EUR

2019-06-12 * "PRLV SEPA GENERALI VIE SA" ""
  source: "qif"
  Actif:Boursorama:CCTim                            -150.00 EUR
  Actif:Boursorama:AVTim2                            150.00 EUR

2019-06-12 * "VIR SEPA SAS TECNAL" ""
  source: "qif"
  Actif:Boursorama:CCTim                             452.61 EUR
  Actif:NoteDeFrais                                 -452.61 EUR

2019-06-14 * "PRLV SEPA American Express Carte-France" ""
  source: "qif"
  Actif:Boursorama:CCTim                           -1009.57 EUR
  Passif:AirFrance:Amex                             1009.57 EUR

2019-06-17 * "VIR SEPA M.OU MME LEROUX YANNICK" ""
  source: "qif"
  Actif:Boursorama:CCTim                              10.40 EUR
  Depenses:Abo:Serveur                               -10.40 EUR

2019-06-18 * "CHQ. N.1738272" "Achat Vin Bergerac"
  source: "qif"
  Actif:Boursorama:CCTim                             -97.77 EUR
  Depenses:Alimentaire:VinsEtAlcool                   97.77 EUR

2019-06-18 * "RETRAIT DAB 17/06/19 France      CB*1974" ""
  source: "qif"
  Actif:Boursorama:CCTim                            -100.00 EUR
  Actif:Cash                                         100.00 EUR

2019-06-28 * "VIR SEPA TECNAL S.A.S" "dont paiement JF + primes de vacances"
  source: "qif"
  Actif:Boursorama:CCTim                            6414.75 EUR
  Revenus:Salaires:Tecnal                          -6414.75 EUR

2019-07-01 balance  Actif:Boursorama:CCTim          5478.09 EUR

2019-07-01 * "Relev{ diff{r{ Carte 4979********1974" ""
  source: "qif"
  Actif:Boursorama:CCTim                            -855.75 EUR
  Passif:Boursorama:CBTim                            855.75 EUR

2019-07-02 * "CHQ. N.1738275" ""
  source: "qif"
  Actif:Boursorama:CCTim                            -108.00 EUR
  Depenses:Immobilier:Menage:Salaire                 108.00 EUR

2019-07-05 * "PRLV SEPA Free Telecom" ""
  source: "qif"
  Actif:Boursorama:CCTim                             -37.97 EUR
  Depenses:Abo:Internet                               37.97 EUR

2019-07-05 * "*INTERETS DEBITEURS AU 30/06/19" ""
  source: "qif"
  Actif:Boursorama:CCTim                              -4.96 EUR
  Depenses:Banque:Frais                                4.96 EUR

2019-07-10 * "PRLV SEPA GENERALI VIE SA" ""
  source: "qif"
  Actif:Boursorama:CCTim                            -150.00 EUR
  Actif:Linxea:AVTim1                                150.00 EUR

2019-07-10 * "PRLV SEPA GENERALI VIE SA" ""
  source: "qif"
  Actif:Boursorama:CCTim                            -150.00 EUR
  Actif:Boursorama:AVTim2                            150.00 EUR

2019-07-10 * "VIR SEPA GROS Timothee" ""
  source: "qif"
  Actif:Boursorama:CCTim                            -150.00 EUR
  Actif:Bink:CTO:Cash                                150.00 EUR

2019-07-11 * "VIR SEPA BOULON GILLES JE" ""
  source: "qif"
  Actif:Boursorama:CCTim                               8.00 EUR
  Depenses:Abo:Serveur                                -8.00 EUR

2019-07-15 * "PRLV SEPA American Express Carte-France" ""
  source: "qif"
  Actif:Boursorama:CCTim                           -2317.49 EUR
  Passif:AirFrance:Amex                             2317.49 EUR

2019-07-15 * "VIR SEPA M.OU MME LEROUX YANNICK" ""
  source: "qif"
  Actif:Boursorama:CCTim                              10.40 EUR
  Depenses:Abo:Serveur                               -10.40 EUR

2019-07-31 * "VIR SEPA TECNAL S.A.S" ""
  source: "qif"
  Actif:Boursorama:CCTim                            3145.62 EUR
  Revenus:Salaires:Tecnal                          -3145.62 EUR

2019-08-01 balance  Actif:Boursorama:CCTim          3367.94 EUR

2019-08-01 * "Relev{ diff{r{ Carte 4979********1974" ""
  source: "qif"
  Actif:Boursorama:CCTim                           -1020.15 EUR
  Passif:Boursorama:CBTim                           1020.15 EUR

2019-08-02 * "CHQ. N.1738276" ""
  source: "qif"
  Actif:Boursorama:CCTim                             -30.00 EUR
  Depenses:Immobilier:Menage:Salaire                  30.00 EUR

2019-08-05 * "VIR SEPA SAS TECNAL" ""
  source: "qif"
  Actif:Boursorama:CCTim                             601.38 EUR
  Actif:NoteDeFrais                                 -601.38 EUR

2019-08-05 * "PRLV SEPA SURAVENIR" ""
  source: "qif"
  Actif:Boursorama:CCTim                            -150.00 EUR
  Actif:Linxea:CapiElise                             150.00 EUR

2019-08-05 * "VIR Deblocage Pret 00060818936" ""
  source: "qif"
  Actif:Boursorama:CCTim                           10000.00 EUR
  Passif:Boursorama:PretConso                     -10000.00 EUR

2019-08-05 * "VIR SEPA GROS Timothee" ""
  source: "qif"
  Actif:Boursorama:CCTim                           -5000.00 EUR
  Actif:Bink:CTO:Cash                               5000.00 EUR

2019-08-12 * "PRLV SEPA SURAVENIR" ""
  source: "qif"
  Actif:Boursorama:CCTim                            -155.13 EUR
  Actif:Linxea:CapiFelicien                          155.13 EUR

2019-08-12 * "PRLV SEPA GENERALI VIE SA" ""
  source: "qif"
  Actif:Boursorama:CCTim                            -150.00 EUR
  Actif:Linxea:AVTim1                                150.00 EUR

2019-08-12 * "PRLV SEPA GENERALI VIE SA" ""
  source: "qif"
  Actif:Boursorama:CCTim                            -150.00 EUR
  Actif:Boursorama:AVTim2                            150.00 EUR

2019-08-07 * "PRLV SEPA Free Telecom" ""
  source: "qif"
  Actif:Boursorama:CCTim                             -37.97 EUR
  Depenses:Abo:Internet                               37.97 EUR

2019-08-12 * "VIR SEPA GROS Timothee" ""
  source: "qif"
  Actif:Boursorama:CCTim                            -150.00 EUR
  Actif:Bink:CTO:Cash                                150.00 EUR

2019-08-12 * "VIR Virement interne depuis COMPTE PERS" ""
  source: "qif"
  Actif:Boursorama:CCTim                           -5000.00 EUR
  Actif:Boursorama:CELTim                           5000.00 EUR

2019-08-12 * "VIR SEPA BOULON GILLES JE" ""
  source: "qif"
  Actif:Boursorama:CCTim                               8.00 EUR
  Depenses:Abo:Serveur                                -8.00 EUR

2019-08-16 * "PRLV SEPA American Express Carte-France" ""
  source: "qif"
  Actif:Boursorama:CCTim                           -1279.99 EUR
  Passif:AirFrance:Amex                             1279.99 EUR

2019-08-16 * "VIR SEPA M.OU MME LEROUX YANNICK" ""
  source: "qif"
  Actif:Boursorama:CCTim                              10.40 EUR
  Depenses:Abo:Serveur                               -10.40 EUR

2019-08-19 balance  Actif:Boursorama:CCTim          -635.52 EUR

1981-02-07 custom "fava-option" "insert-entry" "Actif:Boursorama:CCTim"

*** CCJoint
2010-03-03 open Actif:Boursorama:CCJoint                    EUR
  account: "00040754305"
2013-03-04 pad  Actif:Boursorama:CCJoint  Equity:Opening-Balances

2018-12-31 balance  Actif:Boursorama:CCJoint         -67.43 EUR

2019-01-02 * "Relev{ diff{r{ Carte 4979********1979" ""
  source: "qif"
  Actif:Boursorama:CCJoint                          -274.22 EUR
  Passif:Boursorama:CBJoint                          274.22 EUR

2019-01-02 * "CARTE 31122018 79 EURODIF        CB*5969" ""
  source: "qif"
  Actif:Boursorama:CCJoint                           -33.04 EUR
  Depenses:Habillement                                33.04 EUR

2019-01-02 * "CARTE 31122018 79 INTERMARCHE    CB*5969" ""
  source: "qif"
  Actif:Boursorama:CCJoint                           -16.11 EUR
  Depenses:Alimentaire:Epicerie                       16.11 EUR

2019-01-03 * "PRLV SEPA FREE MOBILE" ""
  source: "qif"
  Actif:Boursorama:CCJoint                            -4.55 EUR
  Depenses:Abo:Telephone                               4.55 EUR

2019-01-03 * "PRLV SEPA GMF ASSURANCES" ""
  source: "qif"
  Actif:Boursorama:CCJoint                           -83.74 EUR
  Depenses:Voitures:Assurance                            32 EUR
  Depenses:Immobilier:Assurance

2019-01-03 * "REM CHQ N. 0688461" ""
  source: "qif"
  Actif:Boursorama:CCJoint                           292.44 EUR
  Revenus:VentesAnna                                -292.44 EUR

2019-01-04 * "RETRAIT DAB 03012019 NIORT       CB*5969" ""
  source: "qif"
  Actif:Boursorama:CCJoint                           -60.00 EUR
  Actif:Cash                                          60.00 EUR

2019-01-04 * "VIR SEPA CAF DES DEUX SEVRES" ""
  source: "qif"
  Actif:Boursorama:CCJoint                           131.16 EUR
  Revenus:CAF                                       -131.16 EUR

2019-01-07 * "VIR SEPA C.P.A.M. DE NIORT" ""
  source: "qif"
  Actif:Boursorama:CCJoint                            22.40 EUR
  Depenses:Sante                                     -22.40 EUR

2019-01-07 * "*FRAIS BOURSORAMA PROTEC. DUO +" ""
  source: "qif"
  Actif:Boursorama:CCJoint                            -3.50 EUR
  Depenses:Assurance:CB                                3.50 EUR

2019-01-07 * "CARTE 04012019 79 TAO NIORT      CB*5969" ""
  source: "qif"
  Actif:Boursorama:CCJoint                           -67.36 EUR
  Depenses:Habillement                                67.36 EUR

2019-01-07 * "CARTE 04012019 79 PHARM DE PARIS CB*5969" ""
  source: "qif"
  Actif:Boursorama:CCJoint                           -77.66 EUR
  Depenses:Sante                                      77.66 EUR

2019-01-08 * "*INTERETS DEBITEURS AU 31/12/18" ""
  source: "qif"
  Actif:Boursorama:CCJoint                            -2.76 EUR
  Depenses:Banque:Frais                                2.76 EUR

2019-01-09 * "VIR SEPA HARMONIE MUTUELLE" ""
  source: "qif"
  Actif:Boursorama:CCJoint                             9.60 EUR
  Depenses:Sante                                      -9.60 EUR

2019-01-09 * "VIR SEPA C.P.A.M. DE NIORT" ""
  source: "qif"
  Actif:Boursorama:CCJoint                            22.40 EUR
  Depenses:Sante                                     -22.40 EUR

2019-01-10 * "PRLV SEPA MAAF ASSURANCES SA" ""
  source: "qif"
  Actif:Boursorama:CCJoint                          -438.75 EUR
  Depenses:Voitures:Assurance                        438.75 EUR

2019-01-10 * "PRLV SEPA OGEC SAINT HILAIRE" ""
  source: "qif"
  Actif:Boursorama:CCJoint                          -269.00 EUR
  Depenses:Enfants:Scolarite                         269.00 EUR

2019-01-10 * "RETRAIT DAB 09012019 NIORT BRECH CB*1979" ""
  source: "qif"
  Actif:Boursorama:CCJoint                           -20.00 EUR
  Actif:Cash                                          20.00 EUR

2019-01-10 * "RETRAIT DAB 09012019 NIORT       CB*5969" ""
  source: "qif"
  Actif:Boursorama:CCJoint                           -50.00 EUR
  Actif:Cash                                          50.00 EUR

2019-01-11 * "VIR SEPA HARMONIE MUTUELLE" ""
  source: "qif"
  Actif:Boursorama:CCJoint                             9.60 EUR
  Depenses:Sante                                      -9.60 EUR

2019-01-15 * "VIR SEPA DDFIP DE LA HAUTE VIENNE" ""
  source: "qif"
  Actif:Boursorama:CCJoint                          1090.00 EUR
  Depenses:Impots:IR                               -1090.00 EUR

2019-01-15 * "PRLV SEPA DIRECTION GENERALE DES FINANCE" ""
  source: "qif"
  Actif:Boursorama:CCJoint                          -106.00 EUR
  Depenses:Impots:TF                                 106.00 EUR

2019-01-15 * "PRLV SEPA DIRECTION GENERALE DES FINANCE" ""
  source: "qif"
  Actif:Boursorama:CCJoint                           -96.00 EUR
  Depenses:Impots:TH                                  96.00 EUR

2019-01-17 ! "CHQ. N.9440143" ""
  source: "qif"
  Actif:Boursorama:CCJoint                           -52.71 EUR
  Depenses:Divers                                     52.71 EUR

2019-01-21 * "CARTE 18012019 79 INTERMARCHE    CB*5969" ""
  source: "qif"
  Actif:Boursorama:CCJoint                           -22.15 EUR
  Depenses:Alimentaire:Epicerie                       22.15 EUR

2019-01-21 * "CARTE 18012019 79 AMIS DU MARAIS CB*5969" ""
  source: "qif"
  Actif:Boursorama:CCJoint                           -13.10 EUR
  Depenses:Alimentaire:Epicerie                       13.10 EUR

2019-01-21 * "RETRAIT DAB 19012019 NIORT       CB*5969" ""
  source: "qif"
  Actif:Boursorama:CCJoint                           -60.00 EUR
  Actif:Cash                                          60.00 EUR

2019-01-22 * "VIR SEPA C.P.A.M. DE NIORT" ""
  source: "qif"
  Actif:Boursorama:CCJoint                            96.75 EUR
  Depenses:Sante                                     -96.75 EUR

2019-01-22 * "CARTE 21012019 79 LA LIBRAIRIE H CB*5969" ""
  source: "qif"
  Actif:Boursorama:CCJoint                           -34.80 EUR
  Depenses:Loisirs:Culture                            34.80 EUR

2019-01-22 * "CARTE 19012019 79 LA LIBRAIRIE   CB*5969" ""
  source: "qif"
  Actif:Boursorama:CCJoint                           -43.55 EUR
  Depenses:Loisirs:Culture                            43.55 EUR

2019-01-23 ! "CHQ. N.9440144" ""
  source: "qif"
  Actif:Boursorama:CCJoint                          -342.00 EUR
  Depenses:A-CLASSER                                 342.00 EUR

2019-01-24 * "VIR SEPA HARMONIE MUTUELLE" ""
  source: "qif"
  Actif:Boursorama:CCJoint                           193.50 EUR
  Depenses:Sante                                    -193.50 EUR

2019-01-24 * "CARTE 23012019 IE ITUNES.COM/BIL CB*5969" ""
  source: "qif"
  Actif:Boursorama:CCJoint                            -0.99 EUR
  Depenses:Abo:Apple                                   0.99 EUR

2019-01-25 * "CARTE 24012019 79 INTERMARCHE    CB*5969" ""
  source: "qif"
  Actif:Boursorama:CCJoint                           -15.84 EUR
  Depenses:Alimentaire:Epicerie                       15.84 EUR

2019-01-28 ! "ECH PRET:80280000606862232601" ""
  source: "qif"
  Actif:Boursorama:CCJoint                         -1082.26 EUR
  Passif:Boursorama:EmpruntRP                       1082.26 EUR

2019-01-28 * "PRLV SEPA Engie" ""
  source: "qif"
  Actif:Boursorama:CCJoint                           -70.66 EUR
  Depenses:Abo:Gaz                                    70.66 EUR

2019-01-28 * "PRLV SEPA EDF clients particuliers" ""
  source: "qif"
  Actif:Boursorama:CCJoint                          -160.89 EUR
  Depenses:Abo:Elec                                  160.89 EUR

2019-01-28 * "CARTE 25012019 79 PHARM DE PARIS CB*5969" ""
  source: "qif"
  Actif:Boursorama:CCJoint                           -16.63 EUR
  Depenses:Sante                                      16.63 EUR

2019-01-29 * "CARTE 26012019 79 HETM238        CB*5969" ""
  source: "qif"
  Actif:Boursorama:CCJoint                           -18.96 EUR
  Depenses:Habillement                                18.96 EUR

2019-01-29 * "CARTE 26012019 FR219 TIGER NIOR  CB*5969" ""
  source: "qif"
  Actif:Boursorama:CCJoint                            -4.00 EUR
  Depenses:Habillement                                 4.00 EUR

2019-01-30 * "REM CHQ N. 0768205" ""
  source: "qif"
  Actif:Boursorama:CCJoint                           287.00 EUR
  Revenus:VentesAnna                                -287.00 EUR

2019-02-01 * "Relev{ diff{r{ Carte 4979********1979" ""
  source: "qif"
  Actif:Boursorama:CCJoint                          -324.16 EUR
  Passif:Boursorama:CBJoint                          324.16 EUR

2019-02-04 * "PRLV SEPA GMF ASSURANCES" ""
  source: "qif"
  Actif:Boursorama:CCJoint                           -83.73 EUR
  Depenses:Voitures:Assurance                            35 EUR
  Depenses:Immobilier:Assurance

2019-02-04 * "PRLV SEPA TRES. NIORT-SEVRE MUNICIPALE -" ""
  source: "qif"
  Actif:Boursorama:CCJoint                          -117.00 EUR
  Depenses:Enfants:Loisirs                           117.00 EUR

2019-02-05 * "PRLV SEPA FREE MOBILE" ""
  source: "qif"
  Actif:Boursorama:CCJoint                            -4.65 EUR
  Depenses:Abo:Telephone                               4.65 EUR

2019-02-05 * "VIR SEPA CAF DES DEUX SEVRES" ""
  source: "qif"
  Actif:Boursorama:CCJoint                           131.16 EUR
  Revenus:CAF                                       -131.16 EUR

2019-02-05 * "CARTE 02022019 79 INTERMARCHE    CB*5969" ""
  source: "qif"
  Actif:Boursorama:CCJoint                           -12.83 EUR
  Depenses:Alimentaire:Epicerie                       12.83 EUR

2019-02-06 * "VIR SEPA C.P.A.M. DE NIORT" ""
  source: "qif"
  Actif:Boursorama:CCJoint                            30.69 EUR
  Depenses:Sante                                     -30.69 EUR

2019-02-06 * "RETRAIT DAB 05022019 NIORT       CB*5969" ""
  source: "qif"
  Actif:Boursorama:CCJoint                           -70.00 EUR
  Actif:Cash                                          70.00 EUR

2019-02-07 * "*FRAIS BOURSORAMA PROTEC. DUO +" ""
  source: "qif"
  Actif:Boursorama:CCJoint                            -3.50 EUR
  Depenses:Assurance:CB                                3.50 EUR

2019-02-08 * "VIR SEPA HARMONIE MUTUELLE" ""
  source: "qif"
  Actif:Boursorama:CCJoint                            14.01 EUR
  Depenses:Sante                                     -14.01 EUR

2019-02-11 * "PRLV SEPA OGEC SAINT HILAIRE" ""
  source: "qif"
  Actif:Boursorama:CCJoint                          -269.00 EUR
  Depenses:Enfants:Scolarite                         269.00 EUR

2019-02-12 * "CARTE 11022019 79 SA SONIAL      CB*5969" ""
  source: "qif"
  Actif:Boursorama:CCJoint                           -13.01 EUR
  Depenses:Voitures:Carburant                         13.01 EUR

2019-02-14 * "VIR SEPA C.P.A.M. DE NIORT" ""
  source: "qif"
  Actif:Boursorama:CCJoint                            22.40 EUR
  Depenses:Sante                                     -22.40 EUR

2019-02-15 * "PRLV SEPA DIRECTION GENERALE DES FINANCE" ""
  source: "qif"
  Actif:Boursorama:CCJoint                          -106.00 EUR
  Depenses:Impots:TF                                 106.00 EUR

2019-02-15 * "PRLV SEPA DIRECTION GENERALE DES FINANCE" ""
  source: "qif"
  Actif:Boursorama:CCJoint                           -96.00 EUR
  Depenses:Impots:TH                                  96.00 EUR

2019-02-18 * "VIR SEPA HARMONIE MUTUELLE" ""
  source: "qif"
  Actif:Boursorama:CCJoint                             9.60 EUR
  Depenses:Sante                                      -9.60 EUR

2019-02-19 * "VIR SEPA C.P.A.M. DE NIORT" ""
  source: "qif"
  Actif:Boursorama:CCJoint                            31.69 EUR
  Depenses:Sante                                     -31.69 EUR

2019-02-19 * "RETRAIT DAB 16022019 NIORT       CB*5969" ""
  source: "qif"
  Actif:Boursorama:CCJoint                           -70.00 EUR
  Actif:Cash                                          70.00 EUR

2019-02-21 * "VIR SEPA HARMONIE MUTUELLE" ""
  source: "qif"
  Actif:Boursorama:CCJoint                            14.01 EUR
  Depenses:Sante                                     -14.01 EUR

2019-02-21 * "CHQ. N.9440145" ""
  source: "qif"
  Actif:Boursorama:CCJoint                           -32.00 EUR
  Depenses:Sante                                      32.00 EUR

2019-02-26 ! "ECH PRET:80280000606862232602" ""
  source: "qif"
  Actif:Boursorama:CCJoint                         -1082.26 EUR
  Passif:Boursorama:EmpruntRP                       1082.26 EUR

2019-02-26 * "PRLV SEPA Engie" ""
  source: "qif"
  Actif:Boursorama:CCJoint                           -70.66 EUR
  Depenses:Abo:Gaz                                    70.66 EUR

2019-02-26 * "CARTE 23022019 IE ITUNES.COM/BIL CB*5969" ""
  source: "qif"
  Actif:Boursorama:CCJoint                            -0.99 EUR
  Depenses:Abo:Apple                                   0.99 EUR

2019-02-27 * "PRLV SEPA EDF clients particuliers" ""
  source: "qif"
  Actif:Boursorama:CCJoint                          -160.89 EUR
  Depenses:Abo:Elec                                  160.89 EUR

2019-02-28 * "PRLV SEPA URSSAF RHONE ALPES - CNCESU CE" ""
  source: "qif"
  Actif:Boursorama:CCJoint                           -70.29 EUR
  Depenses:Immobilier:Menage:Charges                  70.29 EUR

2019-03-01 * "Relev{ diff{r{ Carte 4979********1979" ""
  source: "qif"
  Actif:Boursorama:CCJoint                          -192.14 EUR
  Passif:Boursorama:CBJoint                          192.14 EUR

2019-03-04 * "PRLV SEPA GMF ASSURANCES" ""
  source: "qif"
  Actif:Boursorama:CCJoint                           -86.19 EUR
  Depenses:Voitures:Assurance                            35 EUR
  Depenses:Immobilier:Assurance

2019-03-05 * "VIR SEPA CAF DES DEUX SEVRES" ""
  source: "qif"
  Actif:Boursorama:CCJoint                           131.16 EUR
  Revenus:CAF                                       -131.16 EUR

2019-03-06 * "CARTE 04032019 79 BIOMARCHE      CB*5969" ""
  source: "qif"
  Actif:Boursorama:CCJoint                          -135.93 EUR
  Depenses:Alimentaire:Epicerie                      135.93 EUR

2019-03-07 * "VIR SEPA C.P.A.M. DE NIORT" ""
  source: "qif"
  Actif:Boursorama:CCJoint                            22.40 EUR
  Depenses:Sante                                     -22.40 EUR

2019-03-07 * "*FRAIS BOURSORAMA PROTEC. DUO +" ""
  source: "qif"
  Actif:Boursorama:CCJoint                            -3.50 EUR
  Depenses:Assurance:CB                                3.50 EUR

2019-03-07 * "CARTE 05032019 79 AMIS DU MARAIS CB*5969" ""
  source: "qif"
  Actif:Boursorama:CCJoint                           -26.55 EUR
  Depenses:Alimentaire:Epicerie                       26.55 EUR

2019-03-11 * "VIR SEPA HARMONIE MUTUELLE" ""
  source: "qif"
  Actif:Boursorama:CCJoint                             9.60 EUR
  Depenses:Sante                                      -9.60 EUR

2019-03-11 * "PRLV SEPA OGEC SAINT HILAIRE" ""
  source: "qif"
  Actif:Boursorama:CCJoint                          -271.00 EUR
  Depenses:Enfants:Scolarite                         271.00 EUR

2019-03-11 * "RETRAIT DAB 08032019 NIORT       CB*5969" ""
  source: "qif"
  Actif:Boursorama:CCJoint                           -50.00 EUR
  Actif:Cash                                          50.00 EUR

2019-03-12 * "CARTE 09/03/19 79 OXYGEN         CB*5969" ""
  source: "qif"
  Actif:Boursorama:CCJoint                           -28.00 EUR
  Depenses:Enfants:Coiffeur                           28.00 EUR

2019-03-14 * "CHQ. N.9440146" ""
  source: "qif"
  Actif:Boursorama:CCJoint                           -32.00 EUR
  Depenses:Sante                                      32.00 EUR

2019-03-15 * "PRLV SEPA DIRECTION GENERALE DES FINANCE" ""
  source: "qif"
  Actif:Boursorama:CCJoint                           -96.00 EUR
  Depenses:Impots:TH                                  96.00 EUR

2019-03-15 * "PRLV SEPA DIRECTION GENERALE DES FINANCE" ""
  source: "qif"
  Actif:Boursorama:CCJoint                          -106.00 EUR
  Depenses:Impots:TH                                 106.00 EUR

2019-03-18 * "RETRAIT DAB 16/03/19 NIORT       CB*5969" ""
  source: "qif"
  Actif:Boursorama:CCJoint                           -60.00 EUR
  Actif:Cash                                          60.00 EUR

2019-03-19 * "CARTE 18/03/19 79 BIO COOP       CB*5969" ""
  source: "qif"
  Actif:Boursorama:CCJoint                           -38.50 EUR
  Depenses:Alimentaire:Epicerie                       38.50 EUR

2019-03-19 * "CARTE 18/03/19 79 BIOMARCHE      CB*5969" ""
  source: "qif"
  Actif:Boursorama:CCJoint                           -52.33 EUR
  Depenses:Alimentaire:Epicerie                       52.33 EUR

2019-03-20 * "VIR SEPA C.P.A.M. DE NIORT" ""
  source: "qif"
  Actif:Boursorama:CCJoint                            31.69 EUR
  Depenses:Sante                                     -31.69 EUR

2019-03-21 * "CARTE 20/03/19 79 PHARM DE PARIS CB*5969" ""
  source: "qif"
  Actif:Boursorama:CCJoint                          -123.13 EUR
  Depenses:Sante                                     123.13 EUR

2019-03-22 * "VIR SEPA HARMONIE MUTUELLE" ""
  source: "qif"
  Actif:Boursorama:CCJoint                            14.01 EUR
  Depenses:Sante                                     -14.01 EUR

2019-03-25 * "CARTE 23/03/19 IE ITUNES.COM/BIL CB*5969" ""
  source: "qif"
  Actif:Boursorama:CCJoint                            -0.99 EUR
  Depenses:Abo:Apple                                   0.99 EUR

2019-03-26 ! "ECH PRET:80280000606862232603" ""
  source: "qif"
  Actif:Boursorama:CCJoint                         -1082.26 EUR
  Passif:Boursorama:EmpruntRP                       1082.26 EUR

2019-03-26 * "PRLV SEPA Engie" ""
  source: "qif"
  Actif:Boursorama:CCJoint                           -70.66 EUR
  Depenses:Abo:Gaz                                    70.66 EUR

2019-03-27 * "PRLV SEPA EDF clients particuliers" ""
  source: "qif"
  Actif:Boursorama:CCJoint                          -160.89 EUR
  Depenses:Abo:Elec                                  160.89 EUR

2019-03-29 * "PRLV SEPA URSSAF RHONE ALPES - CNCESU CE" ""
  source: "qif"
  Actif:Boursorama:CCJoint                           -78.90 EUR
  Depenses:Immobilier:Menage:Charges                  78.90 EUR

2019-04-01 * "Relev{ diff{r{ Carte 4979********1979" ""
  source: "qif"
  Actif:Boursorama:CCJoint                          -452.48 EUR
  Passif:Boursorama:CBJoint                          452.48 EUR

2019-04-01 * "CARTE 29/03/19 79 AMIS DU MARAIS CB*5969" ""
  source: "qif"
  Actif:Boursorama:CCJoint                           -12.32 EUR
  Depenses:Alimentaire:Epicerie                       12.32 EUR

2019-04-03 * "PRLV SEPA GMF ASSURANCES" ""
  source: "qif"
  Actif:Boursorama:CCJoint                           -86.19 EUR
  Depenses:Voitures:Assurance                            35 EUR
  Depenses:Immobilier:Assurance

2019-04-03 * "PRLV SEPA FREE MOBILE" ""
  source: "qif"
  Actif:Boursorama:CCJoint                            -4.65 EUR
  Depenses:Abo:Telephone                               4.65 EUR

2019-04-05 * "VIR SEPA CAF DES DEUX SEVRES" ""
  source: "qif"
  Actif:Boursorama:CCJoint                           131.16 EUR
  Revenus:CAF                                       -131.16 EUR

2019-04-05 * "*FRAIS BOURSORAMA PROTEC. DUO +" ""
  source: "qif"
  Actif:Boursorama:CCJoint                            -3.50 EUR
  Depenses:Assurance:CB                                3.50 EUR

2019-04-05 * "*INTERETS DEBITEURS AU 31/03/19" ""
  source: "qif"
  Actif:Boursorama:CCJoint                            -0.01 EUR
  Depenses:Banque:Frais                                0.01 EUR

2019-04-08 * "CARTE 05/04/19 79 AMIS DU MARAIS CB*5969" ""
  source: "qif"
  Actif:Boursorama:CCJoint                           -27.30 EUR
  Depenses:Alimentaire:Epicerie                       27.30 EUR

2019-04-09 * "CARTE 06/04/19 79 H&M238         CB*5969" ""
  source: "qif"
  Actif:Boursorama:CCJoint                           -54.94 EUR
  Depenses:Habillement                                54.94 EUR

2019-04-09 * "CARTE 06/04/19 79 LA LIBRAIRIE   CB*5969" ""
  source: "qif"
  Actif:Boursorama:CCJoint                           -29.12 EUR
  Depenses:Loisirs:Culture                            29.12 EUR

2019-04-10 * "CHQ. N.9440147" ""
  source: "qif"
  Actif:Boursorama:CCJoint                           -58.00 EUR
  Depenses:Divers                                     58.00 EUR

2019-04-10 * "PRLV SEPA OGEC SAINT HILAIRE" ""
  source: "qif"
  Actif:Boursorama:CCJoint                          -271.00 EUR
  Depenses:Enfants:Scolarite                         271.00 EUR

2019-04-15 * "VIR SEPA HARMONIE MUTUELLE" ""
  source: "qif"
  Actif:Boursorama:CCJoint                            35.00 EUR
  Depenses:Sante                                     -35.00 EUR

2019-04-11 * "CARTE 10/04/19 79 PHARM DE PARIS CB*5969" ""
  source: "qif"
  Actif:Boursorama:CCJoint                           -77.12 EUR
  Depenses:Sante                                      77.12 EUR

2019-04-15 * "PRLV SEPA DIRECTION GENERALE DES FINANCE" ""
  source: "qif"
  Actif:Boursorama:CCJoint                          -106.00 EUR
  Depenses:Impots:TF                                 106.00 EUR

2019-04-15 * "PRLV SEPA DIRECTION GENERALE DES FINANCE" ""
  source: "qif"
  Actif:Boursorama:CCJoint                           -96.00 EUR
  Depenses:Impots:TH                                  96.00 EUR

2019-04-16 * "REM CHQ N. 0882524" ""
  source: "qif"
  Actif:Boursorama:CCJoint                            70.00 EUR
  Revenus:VentesAnna                                 -70.00 EUR

2019-04-17 * "VIR SEPA C.P.A.M. DE NIORT" ""
  source: "qif"
  Actif:Boursorama:CCJoint                            26.69 EUR
  Depenses:Sante                                     -26.69 EUR

2019-04-18 * "PRLV SEPA TRES. NIORT-SEVRE MUNICIPALE -" ""
  source: "qif"
  Actif:Boursorama:CCJoint                          -117.00 EUR
  Depenses:Enfants:Loisirs                           117.00 EUR

2019-04-23 * "VIR SEPA HARMONIE MUTUELLE" ""
  source: "qif"
  Actif:Boursorama:CCJoint                            14.01 EUR
  Depenses:Sante                                     -14.01 EUR

2019-04-24 * "CARTE 23/04/19 IE ITUNES.COM/BIL CB*5969" ""
  source: "qif"
  Actif:Boursorama:CCJoint                            -0.99 EUR
  Depenses:Abo:Apple                                   0.99 EUR

2019-04-26 ! "ECH PRET:80280000606862232604" ""
  source: "qif"
  Actif:Boursorama:CCJoint                         -1082.26 EUR
  Passif:Boursorama:EmpruntRP                       1082.26 EUR

2019-04-26 * "PRLV SEPA Engie" ""
  source: "qif"
  Actif:Boursorama:CCJoint                           -70.66 EUR
  Depenses:Abo:Gaz                                    70.66 EUR

2019-04-26 * "VIR SEPA GROS Adelaide" ""
  source: "qif"
  Actif:Boursorama:CCJoint                         -1200.00 EUR
  Depenses:Loisirs:Voyages                          1200.00 EUR

2019-04-29 * "PRLV SEPA EDF clients particuliers" ""
  source: "qif"
  Actif:Boursorama:CCJoint                          -160.89 EUR
  Depenses:Abo:Elec                                  160.89 EUR

2019-04-30 * "PRLV SEPA URSSAF RHONE ALPES - CNCESU CE" ""
  source: "qif"
  Actif:Boursorama:CCJoint                           -63.13 EUR
  Depenses:Immobilier:Menage:Charges                  63.13 EUR

2019-05-03 * "PRLV SEPA GMF ASSURANCES" ""
  source: "qif"
  Actif:Boursorama:CCJoint                           -86.19 EUR
  Depenses:Voitures:Assurance                            35 EUR
  Depenses:Immobilier:Assurance

2019-05-06 * "PRLV SEPA FREE MOBILE" ""
  source: "qif"
  Actif:Boursorama:CCJoint                            -4.25 EUR
  Depenses:Abo:Telephone                               4.25 EUR

2019-05-06 * "VIR SEPA CAF DES DEUX SEVRES" ""
  source: "qif"
  Actif:Boursorama:CCJoint                           131.55 EUR
  Revenus:CAF                                       -131.55 EUR

2019-05-10 * "PRLV SEPA OGEC SAINT HILAIRE" ""
  source: "qif"
  Actif:Boursorama:CCJoint                          -271.00 EUR
  Depenses:Enfants:Scolarite                         271.00 EUR

2019-05-10 * "CARTE 09/05/19 79 TAO NIORT      CB*5969" ""
  source: "qif"
  Actif:Boursorama:CCJoint                           -24.99 EUR
  Depenses:Habillement                                24.99 EUR

2019-05-10 * "CARTE 09/05/19 79 PHIE BONNET-AB CB*5969" ""
  source: "qif"
  Actif:Boursorama:CCJoint                           -33.17 EUR
  Depenses:Sante                                      33.17 EUR

2019-05-13 * "CARTE 11/05/19 79 INTERMARCHE    CB*5969" ""
  source: "qif"
  Actif:Boursorama:CCJoint                           -15.36 EUR
  Depenses:Alimentaire:Epicerie                       15.36 EUR

2019-05-13 * "RETRAIT DAB 11/05/19 LCL NIORT   CB*5969" ""
  source: "qif"
  Actif:Boursorama:CCJoint                           -50.00 EUR
  Actif:Cash                                          50.00 EUR

2019-05-13 * "CARTE 11/05/19 79 PHARM DE PARIS CB*5969" ""
  source: "qif"
  Actif:Boursorama:CCJoint                           -32.98 EUR
  Depenses:Sante                                      32.98 EUR

2019-05-15 * "VIR SEPA C.P.A.M. DE NIORT" ""
  source: "qif"
  Actif:Boursorama:CCJoint                            27.19 EUR
  Depenses:Sante                                     -27.19 EUR

2019-05-15 * "PRLV SEPA DIRECTION GENERALE DES FINANCE" ""
  source: "qif"
  Actif:Boursorama:CCJoint                          -106.00 EUR
  Depenses:Impots:TF                                 106.00 EUR

2019-05-15 * "PRLV SEPA DIRECTION GENERALE DES FINANCE" ""
  source: "qif"
  Actif:Boursorama:CCJoint                           -96.00 EUR
  Depenses:Impots:TH                                  96.00 EUR

2019-05-16 * "VIR SEPA HARMONIE MUTUELLE" ""
  source: "qif"
  Actif:Boursorama:CCJoint                             7.50 EUR
  Depenses:Sante                                      -7.50 EUR

2019-05-17 * "VIR SEPA HARMONIE MUTUELLE" ""
  source: "qif"
  Actif:Boursorama:CCJoint                            14.01 EUR
  Depenses:Sante                                     -14.01 EUR

2019-05-17 * "*FRAIS BOURSORAMA PROTEC. DUO +" ""
  source: "qif"
  Actif:Boursorama:CCJoint                            -3.50 EUR
  Depenses:Assurance:CB                                3.50 EUR

2019-05-17 * "CARTE 16/05/19 79 AMIS DU MARAIS CB*5969" ""
  source: "qif"
  Actif:Boursorama:CCJoint                           -23.94 EUR
  Depenses:Alimentaire:Epicerie                       23.94 EUR

2019-05-20 * "RETRAIT DAB 18/05/19 LCL NIORT   CB*5969" ""
  source: "qif"
  Actif:Boursorama:CCJoint                           -60.00 EUR
  Actif:Cash                                          60.00 EUR

2019-05-24 * "CARTE 23/05/19 IE ITUNES.COM/BIL CB*5969" ""
  source: "qif"
  Actif:Boursorama:CCJoint                            -0.99 EUR
  Depenses:Abo:Apple                                   0.99 EUR

2019-05-27 ! "ECH PRET:80280000606862232605" ""
  source: "qif"
  Actif:Boursorama:CCJoint                         -1082.26 EUR
  Passif:Boursorama:EmpruntRP                       1082.26 EUR

2019-05-27 * "PRLV SEPA Engie" ""
  source: "qif"
  Actif:Boursorama:CCJoint                          -115.69 EUR
  Depenses:Abo:Gaz                                   115.69 EUR

2019-05-27 * "PRLV SEPA EDF clients particuliers" ""
  source: "qif"
  Actif:Boursorama:CCJoint                          -160.89 EUR
  Depenses:Abo:Elec                                  160.89 EUR

2019-05-27 * "RETRAIT DAB 25/05/19 LCL NIORT   CB*5969" ""
  source: "qif"
  Actif:Boursorama:CCJoint                           -80.00 EUR
  Actif:Cash                                          80.00 EUR

2019-05-27 * "CARTE 24/05/19 79 OXYGEN         CB*5969" ""
  source: "qif"
  Actif:Boursorama:CCJoint                           -12.00 EUR
  Depenses:Enfants:Coiffeur                           12.00 EUR

2019-05-29 * "VIR SEPA C.P.A.M. DE NIORT" ""
  source: "qif"
  Actif:Boursorama:CCJoint                            31.69 EUR
  Depenses:Sante                                     -31.69 EUR

2019-05-31 * "PRLV SEPA URSSAF RHONE ALPES - CNCESU CE" ""
  source: "qif"
  Actif:Boursorama:CCJoint                           -63.13 EUR
  Depenses:Immobilier:Menage:Charges                  63.13 EUR

2019-06-03 * "Relev{ diff{r{ Carte 4979********1979" ""
  source: "qif"
  Actif:Boursorama:CCJoint                          -441.96 EUR
  Passif:Boursorama:CBJoint                          441.96 EUR

2019-06-03 * "VIR Contribution compte commun" ""
  source: "qif"
  Actif:Boursorama:CCJoint                           500.00 EUR
  Actif:Boursorama:CCAnna                           -500.00 EUR

2019-06-03 * "VIR SEPA HARMONIE MUTUELLE" ""
  source: "qif"
  Actif:Boursorama:CCJoint                            14.01 EUR
  Depenses:Sante                                     -14.01 EUR

2019-06-03 * "PRLV SEPA GMF ASSURANCES" ""
  source: "qif"
  Actif:Boursorama:CCJoint                           -86.19 EUR
  Depenses:Voitures:Assurance                            35 EUR
  Depenses:Immobilier:Assurance

2019-06-03 * "CARTE 01/06/19 17 FLOWER EXP CAM CB*5969" ""
  source: "qif"
  Actif:Boursorama:CCJoint                          -126.00 EUR
  Depenses:Divers                                    126.00 EUR

2019-06-05 * "PRLV SEPA FREE MOBILE" ""
  source: "qif"
  Actif:Boursorama:CCJoint                            -4.90 EUR
  Depenses:Abo:Telephone                               4.90 EUR

2019-06-04 * "RETRAIT DAB 02/06/19 NIORT HALLE CB*5969" ""
  source: "qif"
  Actif:Boursorama:CCJoint                           -60.00 EUR
  Actif:Cash                                          60.00 EUR

2019-06-05 * "VIR SEPA HARMONIE MUTUELLE" ""
  source: "qif"
  Actif:Boursorama:CCJoint                             7.50 EUR
  Depenses:Sante                                      -7.50 EUR

2019-06-05 * "VIR SEPA CAF DES DEUX SEVRES" ""
  source: "qif"
  Actif:Boursorama:CCJoint                           131.55 EUR
  Revenus:CAF                                       -131.55 EUR

2019-06-07 * "*FRAIS BOURSORAMA PROTEC. DUO +" ""
  source: "qif"
  Actif:Boursorama:CCJoint                            -3.50 EUR
  Depenses:Assurance:CB                                3.50 EUR

2019-06-10 * "VIR SEPA HARMONIE MUTUELLE" ""
  source: "qif"
  Actif:Boursorama:CCJoint                             7.50 EUR
  Depenses:Sante                                      -7.50 EUR

2019-06-11 * "PRLV SEPA OGEC SAINT HILAIRE" ""
  source: "qif"
  Actif:Boursorama:CCJoint                          -274.00 EUR
  Depenses:Enfants:Scolarite                         274.00 EUR

2019-06-11 * "CARTE 07/06/19 79 PICARD SA  082 CB*5969" ""
  source: "qif"
  Actif:Boursorama:CCJoint                           -73.03 EUR
  Depenses:Alimentaire:Epicerie                       73.03 EUR

2019-06-11 * "CARTE 08/06/19 79 AMIS DU MARAIS CB*5969" ""
  source: "qif"
  Actif:Boursorama:CCJoint                           -23.26 EUR
  Depenses:Alimentaire:Epicerie                       23.26 EUR

2019-06-11 * "CARTE 08/06/19 79 L'INSTANT FROM CB*5969" ""
  source: "qif"
  Actif:Boursorama:CCJoint                            -9.40 EUR
  Depenses:Alimentaire:Epicerie                        9.40 EUR

2019-06-11 * "CARTE 08/06/19 79 INTERMARCHE    CB*5969" ""
  source: "qif"
  Actif:Boursorama:CCJoint                           -19.84 EUR
  Depenses:Alimentaire:Epicerie                       19.84 EUR

2019-06-12 * "RETRAIT DAB 08/06/19 CHABRIERES  CB*5969" ""
  source: "qif"
  Actif:Boursorama:CCJoint                           -40.00 EUR
  Actif:Cash                                          40.00 EUR

2019-06-13 * "VIR SEPA C.P.A.M. DE NIORT" ""
  source: "qif"
  Actif:Boursorama:CCJoint                            40.20 EUR
  Depenses:Sante                                     -40.20 EUR

2019-06-17 * "PRLV SEPA DIRECTION GENERALE DES FINANCE" ""
  source: "qif"
  Actif:Boursorama:CCJoint                           -96.00 EUR
  Depenses:Impots:TH                                  96.00 EUR

2019-06-13 * "RETRAIT DAB 12/06/19 NIORT       CB*5969" ""
  source: "qif"
  Actif:Boursorama:CCJoint                           -50.00 EUR
  Actif:Cash                                          50.00 EUR

2019-06-17 * "PRLV SEPA DIRECTION GENERALE DES FINANCE" ""
  source: "qif"
  Actif:Boursorama:CCJoint                          -106.00 EUR
  Depenses:Impots:TF                                 106.00 EUR

2019-06-20 * "CARTE 19/06/19 79 H&M238         CB*5969" ""
  source: "qif"
  Actif:Boursorama:CCJoint                           -15.46 EUR
  Depenses:Habillement                                15.46 EUR

2019-06-24 * "CARTE 23/06/19 ITUNES.COM/BILL   CB*5969" ""
  source: "qif"
  Actif:Boursorama:CCJoint                            -0.99 EUR
  Depenses:Abo:Apple                                   0.99 EUR

2019-06-24 * "CARTE 22/06/19 79 BIOMARCHE      CB*5969" ""
  source: "qif"
  Actif:Boursorama:CCJoint                           -73.48 EUR
  Depenses:Alimentaire:Epicerie                       73.48 EUR

2019-06-24 * "CARTE 22/06/19 79 PICARD SA 282  CB*5969" ""
  source: "qif"
  Actif:Boursorama:CCJoint                           -54.28 EUR
  Depenses:Alimentaire:Epicerie                       54.28 EUR

2019-06-26 ! "ECH PRET:80280000606862232606" ""
  source: "qif"
  Actif:Boursorama:CCJoint                         -1082.26 EUR
  Passif:Boursorama:EmpruntRP                       1082.26 EUR

2019-06-26 * "VIR SEPA C.P.A.M. DE NIORT" ""
  source: "qif"
  Actif:Boursorama:CCJoint                            31.69 EUR
  Depenses:Sante                                     -31.69 EUR

2019-06-26 * "PRLV SEPA Engie" ""
  source: "qif"
  Actif:Boursorama:CCJoint                           -87.06 EUR
  Depenses:Abo:Gaz                                    87.06 EUR

2019-06-26 * "CARTE 25/06/19 79 AMIS DU MARAIS CB*5969" ""
  source: "qif"
  Actif:Boursorama:CCJoint                            -8.09 EUR
  Depenses:Alimentaire:Epicerie                        8.09 EUR

2019-06-27 * "PRLV SEPA ELECTRICITE DE FRANCE" ""
  source: "qif"
  Actif:Boursorama:CCJoint                          -112.62 EUR
  Depenses:Abo:Elec                                  112.62 EUR

2019-06-28 * "VIR SEPA HARMONIE MUTUELLE" ""
  source: "qif"
  Actif:Boursorama:CCJoint                            14.01 EUR
  Depenses:Sante                                     -14.01 EUR

2019-06-27 * "CARTE 26/06/19 79 H&M238         CB*5969" ""
  source: "qif"
  Actif:Boursorama:CCJoint                           -21.97 EUR
  Depenses:Habillement                                21.97 EUR

2019-06-28 * "PRLV SEPA URSSAF RHONE ALPES - CNCESU CE" ""
  source: "qif"
  Actif:Boursorama:CCJoint                           -63.13 EUR
  Depenses:Immobilier:Menage:Charges                  63.13 EUR

2019-06-28 * "PRLV SEPA TRES. NIORT-SEVRE MUNICIPALE -" ""
  source: "qif"
  Actif:Boursorama:CCJoint                          -205.67 EUR
  Depenses:Abo:Eau                                   205.67 EUR

2019-07-01 * "Relev{ diff{r{ Carte 4979********1979" ""
  source: "qif"
  Actif:Boursorama:CCJoint                          -352.89 EUR
  Passif:Boursorama:CBJoint                          352.89 EUR

2019-07-01 * "VIR Contribution compte commun" ""
  source: "qif"
  Actif:Boursorama:CCJoint                           500.00 EUR
  Actif:Boursorama:CCAnna                           -500.00 EUR

2019-07-02 * "CARTE 29/06/19 ITUNES.COM/BILL   CB*5969" ""
  source: "qif"
  Actif:Boursorama:CCJoint                            -2.17 EUR
  Depenses:Abo:Apple                                   2.17 EUR

2019-07-01 * "RETRAIT DAB 29/06/19 NIORT REPUB CB*5969" ""
  source: "qif"
  Actif:Boursorama:CCJoint                           -60.00 EUR
  Actif:Cash                                          60.00 EUR

2019-07-03 * "PRLV SEPA FREE MOBILE" ""
  source: "qif"
  Actif:Boursorama:CCJoint                            -6.35 EUR
  Depenses:Abo:Telephone                               6.35 EUR

2019-07-03 * "PRLV SEPA GMF ASSURANCES" ""
  source: "qif"
  Actif:Boursorama:CCJoint                           -86.19 EUR
  Depenses:Voitures:Assurance                            35 EUR
  Depenses:Immobilier:Assurance

2019-07-05 * "VIR SEPA CAF DES DEUX SEVRES" ""
  source: "qif"
  Actif:Boursorama:CCJoint                           131.55 EUR
  Revenus:CAF                                       -131.55 EUR

2019-07-05 * "*INTERETS DEBITEURS AU 30/06/19" ""
  source: "qif"
  Actif:Boursorama:CCJoint                            -0.38 EUR
  Depenses:Banque:Frais                                0.38 EUR

2019-07-05 * "*FRAIS BOURSORAMA PROTEC. DUO +" ""
  source: "qif"
  Actif:Boursorama:CCJoint                            -3.50 EUR
  Depenses:Assurance:CB                                3.50 EUR

2019-07-08 * "CARTE 07/07/19 79 INTERMARCHE    CB*5969" ""
  source: "qif"
  Actif:Boursorama:CCJoint                            -9.08 EUR
  Depenses:Alimentaire:Epicerie                        9.08 EUR

2019-07-08 * "CHQ. N.8128292" ""
  source: "qif"
  Actif:Boursorama:CCJoint                           -15.00 EUR
  Depenses:Divers                                     15.00 EUR

2019-07-08 * "CARTE 05/07/19 33 MAILLE SOUPLE  CB*5969" ""
  source: "qif"
  Actif:Boursorama:CCJoint                           -39.78 EUR
  Depenses:Loisirs:Couture                            39.78 EUR

2019-07-08 * "CARTE 05/07/19 79 INTERMARCHE DA CB*5969" ""
  source: "qif"
  Actif:Boursorama:CCJoint                           -49.70 EUR
  Depenses:Alimentaire:Epicerie                       49.70 EUR

2019-07-10 * "VIR SEPA C.P.A.M. DE NIORT" ""
  source: "qif"
  Actif:Boursorama:CCJoint                            31.69 EUR
  Depenses:Sante                                     -31.69 EUR

2019-07-12 * "VIR SEPA HARMONIE MUTUELLE" ""
  source: "qif"
  Actif:Boursorama:CCJoint                            14.01 EUR
  Depenses:Sante                                     -14.01 EUR

2019-07-11 * "PRLV SEPA OGEC SAINT HILAIRE" ""
  source: "qif"
  Actif:Boursorama:CCJoint                          -285.70 EUR
  Depenses:Enfants:Scolarite                         285.70 EUR

2019-07-15 * "PRLV SEPA DIRECTION GENERALE DES FINANCE" ""
  source: "qif"
  Actif:Boursorama:CCJoint                           -96.00 EUR
  Depenses:Impots:TH                                  96.00 EUR

2019-07-15 * "PRLV SEPA DIRECTION GENERALE DES FINANCE" ""
  source: "qif"
  Actif:Boursorama:CCJoint                          -106.00 EUR
  Depenses:Impots:TF                                 106.00 EUR

2019-07-15 * "CARTE 13/07/19 85 AUX VERGERS    CB*5969" ""
  source: "qif"
  Actif:Boursorama:CCJoint                           -30.35 EUR
  Depenses:Alimentaire:Epicerie                       30.35 EUR

2019-07-23 * "CHQ. N.8128293" ""
  source: "qif"
  Actif:Boursorama:CCJoint                           -58.00 EUR
  Depenses:Sante                                      58.00 EUR

2019-07-15 * "RETRAIT DAB 13/07/19 NIORT       CB*5969" ""
  source: "qif"
  Actif:Boursorama:CCJoint                          -100.00 EUR
  Actif:Cash                                         100.00 EUR

2019-07-23 * "CARTE 22/07/19 21 BILLET WEEZEVE CB*5969" ""
  source: "qif"
  Actif:Boursorama:CCJoint                           -37.98 EUR
  Depenses:Loisirs:Culture                            37.98 EUR

2019-07-26 ! "ECH PRET:80280000606862232607" ""
  source: "qif"
  Actif:Boursorama:CCJoint                         -1082.26 EUR
  Passif:Boursorama:EmpruntRP                       1082.26 EUR

2019-07-26 * "PRLV SEPA Engie" ""
  source: "qif"
  Actif:Boursorama:CCJoint                           -87.06 EUR
  Depenses:Abo:Gaz                                    87.06 EUR

2019-07-29 * "PRLV SEPA ELECTRICITE DE FRANCE" ""
  source: "qif"
  Actif:Boursorama:CCJoint                          -112.62 EUR
  Depenses:Abo:Elec                                  112.62 EUR

2019-07-29 * "CARTE 28/07/19 ITUNES.COM/BILL   CB*5969" ""
  source: "qif"
  Actif:Boursorama:CCJoint                            -2.99 EUR
  Depenses:Abo:Apple                                   2.99 EUR

2019-08-01 * "Relev{ diff{r{ Carte 4979********1979" ""
  dateImport: "2019-08-19 20:54:29.366212"
  source: "qif"
  Actif:Boursorama:CCJoint                          -368.74 EUR
  Passif:Boursorama:CBJoint                          368.74 EUR

2019-08-01 * "VIR Contribution compte commun" ""
  dateImport: "2019-08-19 20:54:29.366492"
  source: "qif"
  Actif:Boursorama:CCJoint                           500.00 EUR
  Actif:Boursorama:CCAnna                           -500.00 EUR

2019-08-02 * "VIR Versement Mensuel TG" ""
  dateImport: "2019-08-19 20:54:29.366769"
  source: "qif"
  Actif:Boursorama:CCJoint                          1500.00 EUR
  Actif:Boursorama:CCTim                           -1500.00 EUR

2019-08-05 * "PRLV SEPA GMF ASSURANCES" ""
  dateImport: "2019-08-19 20:54:29.367089"
  source: "qif"
  Actif:Boursorama:CCJoint                           -86.18 EUR
    Depenses:Voitures:Assurance                          
    Depenses:Immobilier:Assurance                     51.81 EUR

2019-08-05 * "VIR SEPA CAF DES DEUX SEVRES" ""
  dateImport: "2019-08-19 20:54:29.367370"
  source: "qif"
  Actif:Boursorama:CCJoint                           131.55 EUR
  Revenus:CAF                                       -131.55 EUR

2019-08-06 * "PRLV SEPA FREE MOBILE" ""
  dateImport: "2019-08-19 20:54:29.367645"
  source: "qif"
  Actif:Boursorama:CCJoint                            -4.55 EUR
  Depenses:Abo:Telephone                               4.55 EUR

2019-08-07 * "*FRAIS BOURSORAMA PROTEC. DUO +" ""
  dateImport: "2019-08-19 20:54:29.367923"
  source: "qif"
  Actif:Boursorama:CCJoint                            -3.50 EUR
  Depenses:Assurance:CB                                3.50 EUR

2019-08-08 * "REM CHQ N. 1183403" ""
  dateImport: "2019-08-19 20:54:29.368203"
  source: "qif"
  Actif:Boursorama:CCJoint                           112.90 EUR
  Revenus:VentesAnna                                -112.90 EUR

2019-08-08 * "REM CHQ N. 2190584" ""
  dateImport: "2019-08-19 20:54:29.368477"
  source: "qif"
  Actif:Boursorama:CCJoint                            70.00 EUR
  Revenus:VentesAnna                                 -70.00 EUR

2019-08-16 * "PRLV SEPA DIRECTION GENERALE DES FINANCE" ""
  dateImport: "2019-08-19 20:54:29.368755"
  source: "qif"
  Actif:Boursorama:CCJoint                          -106.00 EUR
  Depenses:Impots:TH                                 106.00 EUR

2019-08-16 * "PRLV SEPA DIRECTION GENERALE DES FINANCE" ""
  dateImport: "2019-08-19 20:54:29.369034"
  source: "qif"
  Actif:Boursorama:CCJoint                           -96.00 EUR
  Depenses:Impots:TF                                  96.00 EUR

2019-08-19 balance  Actif:Boursorama:CCJoint         674.97 EUR

1981-02-07 custom "fava-option" "insert-entry" "Actif:Boursorama:CCJoint"

*** CCAnna
2013-09-13 open Actif:Boursorama:CCAnna                     EUR
  account: "00040239557"
2013-09-14 pad  Actif:Boursorama:CCAnna  Equity:Opening-Balances
;2019-08-19 balance  Actif:Boursorama:CCAnna          882.74 EUR

2019-01-02 * "VIR Contribution compte commun" ""
  source: "qif"
  Actif:Boursorama:CCJoint                           500.00 EUR
  Actif:Boursorama:CCAnna                           -500.00 EUR

2019-02-01 * "VIR Contribution compte commun" ""
  source: "qif"
  Actif:Boursorama:CCJoint                           500.00 EUR
  Actif:Boursorama:CCAnna                           -500.00 EUR

2019-03-01 * "VIR Contribution compte commun" ""
  source: "qif"
  Actif:Boursorama:CCJoint                           500.00 EUR
  Actif:Boursorama:CCAnna                           -500.00 EUR

2019-04-01 * "VIR Contribution compte commun" ""
  source: "qif"
  Actif:Boursorama:CCJoint                           500.00 EUR
  Actif:Boursorama:CCAnna                           -500.00 EUR

2019-04-26 * "VIR Virement interne depuis COMPTE P" ""
  source: "qif"
  Actif:Boursorama:CCJoint                           500.00 EUR
  Actif:Boursorama:CCAnna                           -500.00 EUR

2019-05-02 * "VIR Contribution compte commun" ""
  source: "qif"
  Actif:Boursorama:CCJoint                           500.00 EUR
  Actif:Boursorama:CCAnna                           -500.00 EUR

2019-05-28 * "VIR Vir. de Compte bancaire vers Com" ""
  source: "qif"
  Actif:Boursorama:CCJoint                           400.00 EUR
  Actif:Boursorama:CCAnna                           -400.00 EUR

2017-12-29 balance Actif:Boursorama:CCAnna          2490.71 EUR
  document: "2018-01-31 Boursorama.pdf"
  source: "pdfbourso"

2018-01-02 * "VIR Contribution compte commun " "MLE ANNA TRINQUIER OU M GROS"
  document: "2018-01-31 Boursorama.pdf"
  source: "pdfbourso"
  Actif:Boursorama:CCJoint
  Actif:Boursorama:CCAnna                           -500.00 EUR

2018-01-02 * "VIR Epargne CEL " "GROS ANNA"
  document: "2018-01-31 Boursorama.pdf"
  source: "pdfbourso"
  Actif:Boursorama:CELAnna
  Actif:Boursorama:CCAnna                           -100.00 EUR

2018-01-03 * "PAIEMENT CARTE 29122017 79 CHIC DEPOT " ""
  document: "2018-01-31 Boursorama.pdf"
  source: "pdfbourso"
  Depenses:Habillement
  Actif:Boursorama:CCAnna                           -100.00 EUR

2018-01-03 * "PAIEMENT CARTE 31122017 79 E LECLERC " ""
  document: "2018-01-31 Boursorama.pdf"
  source: "pdfbourso"
  Depenses:Alimentaire:Epicerie
  Actif:Boursorama:CCAnna                            -22.53 EUR

2018-01-03 ! "PAIEMENT CARTE 02012018 79 PISC CHAMPOMM " ""
  document: "2018-01-31 Boursorama.pdf"
  source: "pdfbourso"
  Depenses:Loisirs:Billeterie
  Actif:Boursorama:CCAnna                             -7.10 EUR

2018-01-09 * "PRLV SEPA TRES. HOSPITALIERE SUD DEUX-SE " "Repas restaurant"
  document: "2018-01-31 Boursorama.pdf"
  source: "pdfbourso"
  Depenses:Alimentaire:Restaurant
  Actif:Boursorama:CCAnna                             -9.14 EUR

2018-01-09 * "RETRAIT DAB 05012018 CHABRIERES CB*6471 " "79"
  document: "2018-01-31 Boursorama.pdf"
  source: "pdfbourso"
  Actif:Cash
  Actif:Boursorama:CCAnna                            -40.00 EUR

2018-01-09 * "PAIEMENT CARTE 06012018 79 PETIT CA " ""
  document: "2018-01-31 Boursorama.pdf"
  source: "pdfbourso"
  Depenses:Habillement
  Actif:Boursorama:CCAnna                            -15.00 EUR

2018-01-09 * "PAIEMENT CARTE 06012018 79 D8281 " ""
  document: "2018-01-31 Boursorama.pdf"
  source: "pdfbourso"
  Depenses:Alimentaire:Epicerie
  Actif:Boursorama:CCAnna                            -12.97 EUR

2018-01-09 * "PAIEMENT CARTE 06012018 79 CALZEDONIA " ""
  document: "2018-01-31 Boursorama.pdf"
  source: "pdfbourso"
  Depenses:Habillement
  Actif:Boursorama:CCAnna                            -10.60 EUR

2018-01-09 * "PAIEMENT CARTE 06012018 79 PHARM DE PARI " ""
  document: "2018-01-31 Boursorama.pdf"
  source: "pdfbourso"
  Depenses:Sante
  Actif:Boursorama:CCAnna                            -18.45 EUR

2018-01-10 * "PRLV SEPA GENERALI VIE SA " ".123149483/9921/51519425"
  document: "2018-01-31 Boursorama.pdf"
  source: "pdfbourso"
  Actif:Boursorama:AVAnna2
  Actif:Boursorama:CCAnna                            -50.00 EUR

2018-01-11 * "PAIEMENT CARTE 10012018 79 PETIT CA " ""
  document: "2018-01-31 Boursorama.pdf"
  source: "pdfbourso"
  Depenses:Habillement
  Actif:Boursorama:CCAnna                            -28.50 EUR

2018-01-11 * "PAIEMENT CARTE 10012018 79 EURODIF " ""
  document: "2018-01-31 Boursorama.pdf"
  source: "pdfbourso"
  Depenses:Loisirs:Couture
  Actif:Boursorama:CCAnna                            -17.98 EUR

2018-01-12 * "PAIEMENT CARTE 10012018 79 H&M238 " ""
  document: "2018-01-31 Boursorama.pdf"
  source: "pdfbourso"
  Depenses:Habillement
  Actif:Boursorama:CCAnna                            -41.92 EUR

2018-01-15 * "PAIEMENT CARTE 12012018 75 WEARLEMONADE " ""
  document: "2018-01-31 Boursorama.pdf"
  source: "pdfbourso"
  Depenses:Habillement
  Actif:Boursorama:CCAnna                             -7.90 EUR

2018-01-15 * "PAIEMENT CARTE 13012018 79 MAX MUSIQUE " ""
  document: "2018-01-31 Boursorama.pdf"
  source: "pdfbourso"
  Depenses:Enfants:Loisirs
  Actif:Boursorama:CCAnna                            -35.00 EUR

2018-01-16 ! "CHQ. N.6378019 " ""
  document: "2018-01-31 Boursorama.pdf"
  source: "pdfbourso"
  Depenses:A-CLASSER
  Actif:Boursorama:CCAnna                           -109.00 EUR

2018-01-18 ! "PAIEMENT CARTE 17012018 13 BEAUTE PRIVEE " ""
  document: "2018-01-31 Boursorama.pdf"
  source: "pdfbourso"
  Depenses:A-CLASSER
  Actif:Boursorama:CCAnna                            -68.50 EUR

2018-01-18 * "PAIEMENT CARTE 17012018 WEIGHTWATCHERS " ""
  document: "2018-01-31 Boursorama.pdf"
  source: "pdfbourso"
  Depenses:Sante
  Actif:Boursorama:CCAnna                            -20.00 EUR

2018-01-22 * "PRLV SEPA Bouygues Telecom " "Lignes mobiles"
  document: "2018-01-31 Boursorama.pdf"
  source: "pdfbourso"
  Depenses:Abo:Telephone
  Actif:Boursorama:CCAnna                            -19.99 EUR

2018-01-22 * "PAIEMENT CARTE 19012018 79 TAO NIORT " ""
  document: "2018-01-31 Boursorama.pdf"
  source: "pdfbourso"
  Depenses:Habillement
  Actif:Boursorama:CCAnna                            -93.27 EUR

2018-01-22 * "PAIEMENT CARTE 20012018 79 DECATHLON 009 " ""
  document: "2018-01-31 Boursorama.pdf"
  source: "pdfbourso"
  Depenses:Habillement
  Actif:Boursorama:CCAnna                            -74.45 EUR

2018-01-22 * "PAIEMENT CARTE 20012018 79 SA SONIAL " ""
  document: "2018-01-31 Boursorama.pdf"
  source: "pdfbourso"
  Depenses:Voitures:Carburant
  Actif:Boursorama:CCAnna                            -54.40 EUR

2018-01-24 ! "CHQ. N.6378020 " ""
  document: "2018-01-31 Boursorama.pdf"
  source: "pdfbourso"
  Depenses:A-CLASSER
  Actif:Boursorama:CCAnna                            -46.70 EUR

2018-01-25 * "VIR SEPA TRESORERIE HOSP DU SUD DEUX SEV " "PAYE DU MOIS 01/18CH NIORT PA"
  document: "2018-01-31 Boursorama.pdf"
  source: "pdfbourso"
  Revenus:Salaires:CHNiort
  Actif:Boursorama:CCAnna                           2656.79 EUR

2018-01-25 * "PAIEMENT CARTE 24012018 79 EURODIF " ""
  document: "2018-01-31 Boursorama.pdf"
  source: "pdfbourso"
  Depenses:Loisirs:Couture
  Actif:Boursorama:CCAnna                            -25.84 EUR

2018-01-25 * "PAIEMENT CARTE 24012018 IE ITUNES.COM/BI " "0,99 EUR"
  document: "2018-01-31 Boursorama.pdf"
  source: "pdfbourso"
  Depenses:Abo:Apple
  Actif:Boursorama:CCAnna                             -0.99 EUR

2018-01-29 * "RETRAIT DAB 26012018 NIORT CB*6471 " "79"
  document: "2018-01-31 Boursorama.pdf"
  source: "pdfbourso"
  Actif:Cash
  Actif:Boursorama:CCAnna                            -50.00 EUR

2018-01-03 * "PAIEMENT CARTE 02012018 79 SA SONIAL " ""
  document: "2018-01-31 Boursorama.pdf"
  source: "pdfbourso"
  Depenses:Voitures:Carburant
  Actif:Boursorama:CCAnna                            -47.07 EUR

2018-01-29 * "PAIEMENT CARTE 25012018 79 READY MADE " ""
  document: "2018-01-31 Boursorama.pdf"
  source: "pdfbourso"
  Depenses:Alimentaire:Restaurant
  Actif:Boursorama:CCAnna                            -22.50 EUR

2018-01-29 * "PAIEMENT CARTE 26012018 79 PHARM DE PARI " ""
  document: "2018-01-31 Boursorama.pdf"
  source: "pdfbourso"
  Depenses:Sante
  Actif:Boursorama:CCAnna                             -6.95 EUR

2018-01-29 * "PAIEMENT CARTE 26012018 79 PHARM DE PARI " ""
  document: "2018-01-31 Boursorama.pdf"
  source: "pdfbourso"
  Depenses:Sante
  Actif:Boursorama:CCAnna                             -7.95 EUR

2018-01-29 * "PAIEMENT CARTE 27012018 79 INTERMARCHE " ""
  document: "2018-01-31 Boursorama.pdf"
  source: "pdfbourso"
  Depenses:Sante
  Actif:Boursorama:CCAnna                            -18.86 EUR

2018-01-31 balance Actif:Boursorama:CCAnna          3463.94 EUR
  document: "2018-02-28 Boursorama.pdf"
  source: "pdfbourso"

2018-02-01 * "VIR Contribution compte commun " "MLE ANNA TRINQUIER OU M GROS"
  document: "2018-02-28 Boursorama.pdf"
  source: "pdfbourso"
  Actif:Boursorama:CCJoint
  Actif:Boursorama:CCAnna                           -500.00 EUR

2018-02-01 * "VIR Epargne CEL " "GROS ANNA"
  document: "2018-02-28 Boursorama.pdf"
  source: "pdfbourso"
  Actif:Boursorama:CELAnna
  Actif:Boursorama:CCAnna                           -100.00 EUR

2018-02-05 * "PAIEMENT CARTE 03022018 79 TAO NIORT " ""
  document: "2018-02-28 Boursorama.pdf"
  source: "pdfbourso"
  Depenses:Habillement
  Actif:Boursorama:CCAnna                            -13.15 EUR

2018-02-06 * "PAIEMENT CARTE 03022018 79 GL NIORT " ""
  document: "2018-02-28 Boursorama.pdf"
  source: "pdfbourso"
  Depenses:Habillement
  Actif:Boursorama:CCAnna                            -26.80 EUR

2018-02-06 * "PAIEMENT CARTE 03022018 79 GL NIORT " ""
  document: "2018-02-28 Boursorama.pdf"
  source: "pdfbourso"
  Depenses:Habillement
  Actif:Boursorama:CCAnna                            -37.50 EUR

2018-02-06 * "PAIEMENT CARTE 03022018 79 TISSUS DU REN " ""
  document: "2018-02-28 Boursorama.pdf"
  source: "pdfbourso"
  Depenses:Loisirs:Couture
  Actif:Boursorama:CCAnna                            -73.59 EUR

2018-02-06 * "PAIEMENT CARTE 03022018 79 GLAMOUR " ""
  document: "2018-02-28 Boursorama.pdf"
  source: "pdfbourso"
  Depenses:Habillement
  Actif:Boursorama:CCAnna                            -34.00 EUR

2018-02-07 * "VIR SEPA SCP GODARD PH ET C\" " "A MME ANNA GROS - SOLDE DE CPTE VS RE"
  document: "2018-02-28 Boursorama.pdf"
  source: "pdfbourso"
  Revenus:Cerises
  Actif:Boursorama:CCAnna                             13.02 EUR

2018-02-07 * "PAIEMENT CARTE 03022018 79 LA LIBRAIRIE " ""
  document: "2018-02-28 Boursorama.pdf"
  source: "pdfbourso"
  Depenses:Loisirs:Culture
  Actif:Boursorama:CCAnna                            -39.42 EUR

2018-02-08 * "PAIEMENT CARTE 07022018 75 LES COUPONS D " ""
  document: "2018-02-28 Boursorama.pdf"
  source: "pdfbourso"
  Depenses:Loisirs:Couture
  Actif:Boursorama:CCAnna                            -73.99 EUR

2018-02-08 * "PAIEMENT CARTE 07022018 79 LA LIBRAIRIE " ""
  document: "2018-02-28 Boursorama.pdf"
  source: "pdfbourso"
  Depenses:Loisirs:Culture
  Actif:Boursorama:CCAnna                             -7.40 EUR

2018-02-12 * "PRLV SEPA GENERALI VIE SA " ".124438498/9921/51519425"
  document: "2018-02-28 Boursorama.pdf"
  source: "pdfbourso"
  Actif:Boursorama:AVAnna2
  Actif:Boursorama:CCAnna                            -50.00 EUR

2018-02-12 * " PAIEMENT CARTE 10022018 79 SARL STUART " ""
  document: "2018-02-28 Boursorama.pdf"
  source: "pdfbourso"
  Depenses:Habillement
  Actif:Boursorama:CCAnna                            -40.00 EUR

2018-02-12 * " PAIEMENT CARTE 10022018 79 GRAFYCK " ""
  document: "2018-02-28 Boursorama.pdf"
  source: "pdfbourso"
  Depenses:Habillement
  Actif:Boursorama:CCAnna                           -219.00 EUR

2018-02-13 * " PAIEMENT CARTE 12022018 75 WEARLEMONADE " ""
  document: "2018-02-28 Boursorama.pdf"
  source: "pdfbourso"
  Depenses:Habillement
  Actif:Boursorama:CCAnna                             -7.90 EUR

2018-02-14 * " PRLV SEPA TRES. HOSPITALIERE SUD DEUX-SE " "Repas restaurant"
  document: "2018-02-28 Boursorama.pdf"
  source: "pdfbourso"
  Depenses:Alimentaire:Restaurant
  Actif:Boursorama:CCAnna                            -10.96 EUR

2018-02-06 * "CHQ. N.6378022 " ""
  document: "2018-02-28 Boursorama.pdf"
  source: "pdfbourso"
  Depenses:A-CLASSER
  Actif:Boursorama:CCAnna                            -46.70 EUR

2018-02-14 * " CHQ. N.6378023 " ""
  document: "2018-02-28 Boursorama.pdf"
  source: "pdfbourso"
  Depenses:A-CLASSER
  Actif:Boursorama:CCAnna                            -13.21 EUR

2018-02-14 * " PAIEMENT CARTE 13022018 79 DECATHLON 009 " ""
  document: "2018-02-28 Boursorama.pdf"
  source: "pdfbourso"
  Depenses:Habillement
  Actif:Boursorama:CCAnna                            -21.96 EUR

2018-02-14 * " PAIEMENT CARTE 13022018 79 SUPER U " ""
  document: "2018-02-28 Boursorama.pdf"
  source: "pdfbourso"
  Depenses:Alimentaire:Epicerie
  Actif:Boursorama:CCAnna                            -14.12 EUR

2018-02-15 * " CARTE 13022018 79 PICARD SA 282 CB*6471 " ""
  document: "2018-02-28 Boursorama.pdf"
  source: "pdfbourso"
  Depenses:Alimentaire:Epicerie
  Actif:Boursorama:CCAnna                             -8.36 EUR

2018-02-15 * " CARTE 14022018 79 H&M148 CB*6471 " ""
  document: "2018-02-28 Boursorama.pdf"
  source: "pdfbourso"
  Depenses:Habillement
  Actif:Boursorama:CCAnna                            -15.96 EUR

2018-02-16 * " CARTE 15022018 79 LE P'TIT ROUQU CB*6471 " ""
  document: "2018-02-28 Boursorama.pdf"
  source: "pdfbourso"
  Depenses:Alimentaire:Restaurant
  Actif:Boursorama:CCAnna                            -45.64 EUR

2018-02-19 * " CARTE 17022018 33 PAULIN, PAULIN CB*6471 " ""
  document: "2018-02-28 Boursorama.pdf"
  source: "pdfbourso"
  Depenses:Cadeaux
  Actif:Boursorama:CCAnna                            -12.45 EUR

2018-02-19 * " CARTE 17022018 33 ARSENE ET LES CB*6471 " ""
  document: "2018-02-28 Boursorama.pdf"
  source: "pdfbourso"
  Depenses:Habillement
  Actif:Boursorama:CCAnna                            -28.50 EUR

2018-02-19 * " CARTE 17022018 33 MAILLE SOUPLE CB*6471 " ""
  document: "2018-02-28 Boursorama.pdf"
  source: "pdfbourso"
  Depenses:Loisirs:Couture
  Actif:Boursorama:CCAnna                            -12.50 EUR

2018-02-19 * " CARTE 17022018 91 RELAIS FNAC CB*6471 " ""
  document: "2018-02-28 Boursorama.pdf"
  source: "pdfbourso"
  Depenses:Loisirs:Culture
  Actif:Boursorama:CCAnna                             -5.30 EUR

2018-02-14 * " PAIEMENT CARTE 13022018 79 GREEN AVENUE " ""
  document: "2018-02-28 Boursorama.pdf"
  source: "pdfbourso"
  Depenses:Alimentaire:Restaurant
  Actif:Boursorama:CCAnna                            -10.90 EUR

2018-02-19 * " CARTE 17022018 33 LOLITA N?5 CB*6471 " ""
  document: "2018-02-28 Boursorama.pdf"
  source: "pdfbourso"
  Depenses:Habillement
  Actif:Boursorama:CCAnna                            -42.50 EUR

2018-02-20 * " PRLV SEPA Bouygues Telecom " "Lignes mobiles"
  document: "2018-02-28 Boursorama.pdf"
  source: "pdfbourso"
  Depenses:Abo:Telephone
  Actif:Boursorama:CCAnna                            -19.99 EUR

2018-02-22 * "CHQ. N.6378024 " ""
  document: "2018-02-28 Boursorama.pdf"
  source: "pdfbourso"
  Depenses:A-CLASSER
  Actif:Boursorama:CCAnna                            -46.70 EUR

2018-02-26 * "VIR SEPA TRESORERIE HOSP DU SUD DEUX SEV " "PAYE DU MOIS 02/18CH NIORT PA"
  document: "2018-02-28 Boursorama.pdf"
  source: "pdfbourso"
  Revenus:Salaires:CHNiort
  Actif:Boursorama:CCAnna                           1561.13 EUR

2018-02-26 * "CARTE 24022018 79 INTERMARCHE CB*6471 " ""
  document: "2018-02-28 Boursorama.pdf"
  source: "pdfbourso"
  Depenses:Alimentaire:Epicerie
  Actif:Boursorama:CCAnna                            -29.13 EUR

2018-02-26 * "CARTE 23022018 IE ITUNES.COM/BIL CB*6471 " ""
  document: "2018-02-28 Boursorama.pdf"
  source: "pdfbourso"
  Depenses:Abo:Apple
  Actif:Boursorama:CCAnna                             -0.99 EUR

2018-02-27 * "CARTE 25022018 75 CYRILLUS.FR CB*6471 " ""
  document: "2018-02-28 Boursorama.pdf"
  source: "pdfbourso"
  Depenses:Habillement
  Actif:Boursorama:CCAnna                           -122.00 EUR

2018-02-28 * "VIR SEPA E-CIE VIE " "Rachat partiel 72h"
  document: "2018-02-28 Boursorama.pdf"
  source: "pdfbourso"
  Actif:Boursorama:AVAnna1
  Actif:Boursorama:CCAnna                           2000.00 EUR

2018-02-28 * "CARTE 27022018 79 PHARM DE PARIS CB*6471 " ""
  document: "2018-02-28 Boursorama.pdf"
  source: "pdfbourso"
  Depenses:Sante
  Actif:Boursorama:CCAnna                            -11.59 EUR

2018-02-20 * "CHQ. N.6378021 " ""
  document: "2018-02-28 Boursorama.pdf"
  source: "pdfbourso"
  Depenses:A-CLASSER
  Actif:Boursorama:CCAnna                            -46.00 EUR

2018-03-01 balance Actif:Boursorama:CCAnna          5249.88 EUR
  document: "2018-03-29 Boursorama.pdf"
  source: "pdfbourso"

2018-03-01 * "VIR Contribution compte commun " "MLE ANNA TRINQUIER OU M GROS"
  document: "2018-03-29 Boursorama.pdf"
  source: "pdfbourso"
  Actif:Boursorama:CCJoint
  Actif:Boursorama:CCAnna                           -500.00 EUR

2018-03-01 * "VIR Epargne CEL " "GROS ANNA"
  document: "2018-03-29 Boursorama.pdf"
  source: "pdfbourso"
  Actif:Boursorama:CELAnna
  Actif:Boursorama:CCAnna                           -100.00 EUR

2018-03-01 * "CARTE 28022018 79 BAR DU PALAIS CB*6471 " ""
  document: "2018-03-29 Boursorama.pdf"
  source: "pdfbourso"
  Depenses:Alimentaire:Restaurant
  Actif:Boursorama:CCAnna                            -14.10 EUR

2018-03-02 * "VIR travaux " "MLE ANNA TRINQUIER OU M GROS"
  document: "2018-03-29 Boursorama.pdf"
  source: "pdfbourso"
  Actif:Boursorama:CCJoint
  Actif:Boursorama:CCAnna                          -2400.00 EUR

2018-03-05 * "CARTE 03032018 79 TISSUS DU RENA CB*6471 " ""
  document: "2018-03-29 Boursorama.pdf"
  source: "pdfbourso"
  Depenses:Loisirs:Couture
  Actif:Boursorama:CCAnna                            -27.75 EUR

2018-03-01 * "CARTE 28022018 79 TROC BOUT CHOU CB*6471 " ""
  document: "2018-03-29 Boursorama.pdf"
  source: "pdfbourso"
  Depenses:Habillement
  Actif:Boursorama:CCAnna                            -15.00 EUR

2018-03-26 * "CARTE 24032018 93 VENTE-PRIVEE CB*6471 " ""
  document: "2018-03-29 Boursorama.pdf"
  source: "pdfbourso"
  Depenses:Habillement
  Actif:Boursorama:CCAnna                            -76.40 EUR

2018-03-26 * "CARTE 24032018 79 MANOUE LILIE CB*6471 " ""
  document: "2018-03-29 Boursorama.pdf"
  source: "pdfbourso"
  Depenses:Habillement
  Actif:Boursorama:CCAnna                            -50.00 EUR

2018-03-08 * "RETRAIT DAB 07032018 NIORT CB*6471 " "79"
  document: "2018-03-29 Boursorama.pdf"
  source: "pdfbourso"
  Actif:Cash
  Actif:Boursorama:CCAnna                            -50.00 EUR

2018-03-13 * "PRLV SEPA GENERALI VIE SA " ".125045247/9921/51519425"
  document: "2018-03-29 Boursorama.pdf"
  source: "pdfbourso"
  Actif:Boursorama:AVAnna2
  Actif:Boursorama:CCAnna                            -50.00 EUR

2018-03-13 * "CARTE 10032018 79 H&M238 CB*6471 " ""
  document: "2018-03-29 Boursorama.pdf"
  source: "pdfbourso"
  Depenses:Habillement
  Actif:Boursorama:CCAnna                            -25.97 EUR

2018-03-13 * "CARTE 09032018 79 SARL JOHANY CB*6471 " ""
  document: "2018-03-29 Boursorama.pdf"
  source: "pdfbourso"
  Depenses:Loisirs:Culture
  Actif:Boursorama:CCAnna                            -15.49 EUR

2018-03-13 * "CARTE 12032018 75 WEARLEMONADE CB*6471 " ""
  document: "2018-03-29 Boursorama.pdf"
  source: "pdfbourso"
  Depenses:Habillement
  Actif:Boursorama:CCAnna                             -7.90 EUR

2018-03-15 * "CARTE 14032018 44 HENRY ET HENRI CB*6471 " ""
  document: "2018-03-29 Boursorama.pdf"
  source: "pdfbourso"
  Depenses:Loisirs:Couture
  Actif:Boursorama:CCAnna                            -88.70 EUR

2018-03-16 * "CARTE 15032018 79 LA VILLA CB*6471 " ""
  document: "2018-03-29 Boursorama.pdf"
  source: "pdfbourso"
  Depenses:Alimentaire:Restaurant
  Actif:Boursorama:CCAnna                            -27.50 EUR

2018-03-20 * "PRLV SEPA Bouygues Telecom " "Lignes mobiles"
  document: "2018-03-29 Boursorama.pdf"
  source: "pdfbourso"
  Depenses:Abo:Telephone
  Actif:Boursorama:CCAnna                            -20.63 EUR

2018-03-21 * "RETRAIT DAB 20032018 NIORT CB*6471 " "79"
  document: "2018-03-29 Boursorama.pdf"
  source: "pdfbourso"
  Actif:Cash
  Actif:Boursorama:CCAnna                            -30.00 EUR

2018-03-21 * "CARTE 20032018 79 PROMOD CB*6471 " ""
  document: "2018-03-29 Boursorama.pdf"
  source: "pdfbourso"
  Depenses:Habillement
  Actif:Boursorama:CCAnna                            -25.97 EUR

2018-03-22 * "CHQ. N.6378026 " ""
  document: "2018-03-29 Boursorama.pdf"
  source: "pdfbourso"
  Depenses:A-CLASSER
  Actif:Boursorama:CCAnna                            -46.70 EUR

2018-03-26 * "VIR SEPA TRESORERIE HOSP DU SUD DEUX SEV " "PAYE DU MOIS 03/18CH NIORT PA"
  document: "2018-03-29 Boursorama.pdf"
  source: "pdfbourso"
  Revenus:Salaires:CHNiort
  Actif:Boursorama:CCAnna                           1422.73 EUR

2018-03-26 * "CARTE 23032018 79 TISSUS DU RENA CB*6471 " ""
  document: "2018-03-29 Boursorama.pdf"
  source: "pdfbourso"
  Depenses:Loisirs:Couture
  Actif:Boursorama:CCAnna                            -12.00 EUR

2018-03-26 * "CARTE 24032018 93 VENTE-PRIVEE CB*6471 " ""
  document: "2018-03-29 Boursorama.pdf"
  source: "pdfbourso"
  Depenses:Habillement
  Actif:Boursorama:CCAnna                           -113.40 EUR

2018-03-16 * "PRLV SEPA TRES. HOSPITALIERE SUD DEUX-SE " "Repas restaurant"
  document: "2018-03-29 Boursorama.pdf"
  source: "pdfbourso"
  Depenses:Alimentaire:Restaurant
  Actif:Boursorama:CCAnna                             -4.52 EUR

2018-03-26 * "CARTE 23032018 IE ITUNES.COM/BIL CB*6471 " ""
  document: "2018-03-29 Boursorama.pdf"
  source: "pdfbourso"
  Depenses:Abo:Apple
  Actif:Boursorama:CCAnna                             -0.99 EUR

2018-03-28 * "CARTE 27032018 79 HANGAR 21 CB*6471 " ""
  document: "2018-03-29 Boursorama.pdf"
  source: "pdfbourso"
  Depenses:Alimentaire:Restaurant
  Actif:Boursorama:CCAnna                            -29.80 EUR

2018-03-29 balance Actif:Boursorama:CCAnna          2939.78 EUR
  document: "2018-04-30 Boursorama.pdf"
  source: "pdfbourso"

2018-04-03 ! "VIR SEPA TRESORERIE SAINT MAIXENT L'ECOL " "FACTURE DU 07/03/18Devis et contratSA"
  document: "2018-04-30 Boursorama.pdf"
  source: "pdfbourso"
  Depenses:A-CLASSER
  Actif:Boursorama:CCAnna                            102.58 EUR

2018-04-03 * "VIR complement decouvert " "MLE ANNA TRINQUIER OU M GROS"
  document: "2018-04-30 Boursorama.pdf"
  source: "pdfbourso"
  Actif:Boursorama:CCJoint
  Actif:Boursorama:CCAnna                           -500.00 EUR

2018-04-03 * "VIR Contribution compte commun " "MLE ANNA TRINQUIER OU M GROS"
  document: "2018-04-30 Boursorama.pdf"
  source: "pdfbourso"
  Actif:Boursorama:CCJoint
  Actif:Boursorama:CCAnna                           -500.00 EUR

2018-04-03 * "VIR Epargne CEL " "GROS ANNA"
  document: "2018-04-30 Boursorama.pdf"
  source: "pdfbourso"
  Actif:Boursorama:CELAnna
  Actif:Boursorama:CCAnna                           -100.00 EUR

2018-04-04 * "CHQ. N.6378027 " ""
  document: "2018-04-30 Boursorama.pdf"
  source: "pdfbourso"
  Depenses:A-CLASSER
  Actif:Boursorama:CCAnna                            -46.70 EUR

2018-04-05 * "CARTE 30032018 79 LE LIMOGES CB*6471 " ""
  document: "2018-04-30 Boursorama.pdf"
  source: "pdfbourso"
  Depenses:Alimentaire:Restaurant
  Actif:Boursorama:CCAnna                            -16.40 EUR

2018-04-06 * "CHQ. N.6378033 " ""
  document: "2018-04-30 Boursorama.pdf"
  source: "pdfbourso"
  Depenses:A-CLASSER
  Actif:Boursorama:CCAnna                            -14.00 EUR

2018-04-09 * "CARTE 07042018 85 3 SOEURS SABLE CB*6471 " ""
  document: "2018-04-30 Boursorama.pdf"
  source: "pdfbourso"
  Depenses:Alimentaire:Restaurant
  Actif:Boursorama:CCAnna                            -39.99 EUR

2018-04-05 * "CHQ. N.6378031 " ""
  document: "2018-04-30 Boursorama.pdf"
  source: "pdfbourso"
  Depenses:A-CLASSER
  Actif:Boursorama:CCAnna                            -70.30 EUR

2018-04-09 * "CARTE 07042018 85 BUTTERFLY CB*6471 " ""
  document: "2018-04-30 Boursorama.pdf"
  source: "pdfbourso"
  Depenses:Habillement
  Actif:Boursorama:CCAnna                            -79.00 EUR

2018-04-09 * "CARTE 07042018 84 AUTOROUTE DU S CB*6471 " ""
  document: "2018-04-30 Boursorama.pdf"
  source: "pdfbourso"
  Depenses:Voitures:Peages
  Actif:Boursorama:CCAnna                            -11.20 EUR

2018-04-09 * "CARTE 07042018 85 CESAR ET ROSAL CB*6471 " ""
  document: "2018-04-30 Boursorama.pdf"
  source: "pdfbourso"
  Depenses:Habillement
  Actif:Boursorama:CCAnna                            -29.40 EUR

2018-04-10 * "PRLV SEPA TRES. HOSPITALIERE SUD DEUX-SE " "Repas restaurant"
  document: "2018-04-30 Boursorama.pdf"
  source: "pdfbourso"
  Depenses:Alimentaire:Restaurant
  Actif:Boursorama:CCAnna                             -9.86 EUR

2018-04-10 * "CHQ. N.6378028 " ""
  document: "2018-04-30 Boursorama.pdf"
  source: "pdfbourso"
  Depenses:A-CLASSER
  Actif:Boursorama:CCAnna                             -7.80 EUR

2018-04-10 * "CHQ. N.6378032 " ""
  document: "2018-04-30 Boursorama.pdf"
  source: "pdfbourso"
  Depenses:A-CLASSER
  Actif:Boursorama:CCAnna                            -90.90 EUR

2018-04-11 * "CARTE 10042018 79 OXYGEN CB*6471 " ""
  document: "2018-04-30 Boursorama.pdf"
  source: "pdfbourso"
  Depenses:Coiffeur
  Actif:Boursorama:CCAnna                            -33.00 EUR

2018-04-12 * "CARTE 11042018 79 BESSON CHAUSSU CB*6471 " ""
  document: "2018-04-30 Boursorama.pdf"
  source: "pdfbourso"
  Depenses:Habillement
  Actif:Boursorama:CCAnna                            -36.00 EUR

2018-04-16 * "CARTE 12042018 75 WEARLEMONADE CB*6471 " ""
  document: "2018-04-30 Boursorama.pdf"
  source: "pdfbourso"
  Depenses:Habillement
  Actif:Boursorama:CCAnna                             -7.90 EUR

2018-04-16 * "CARTE 14042018 79 LA BELLE ETOIL CB*6471 " ""
  document: "2018-04-30 Boursorama.pdf"
  source: "pdfbourso"
  Depenses:Alimentaire:Restaurant
  Actif:Boursorama:CCAnna                            -99.00 EUR

2018-04-17 * "CHQ. N.6378034 " ""
  document: "2018-04-30 Boursorama.pdf"
  source: "pdfbourso"
  Depenses:A-CLASSER
  Actif:Boursorama:CCAnna                            -46.70 EUR

2018-04-17 * "CARTE 16042018 86 SGPC CB*2967 " ""
  document: "2018-04-30 Boursorama.pdf"
  source: "pdfbourso"
  Depenses:Habillement
  Actif:Boursorama:CCAnna                            -12.15 EUR

2018-04-10 * "PRLV SEPA GENERALI VIE SA " ".126084159/9921/51519425"
  document: "2018-04-30 Boursorama.pdf"
  source: "pdfbourso"
  Actif:Boursorama:AVAnna2
  Actif:Boursorama:CCAnna                            -50.00 EUR

2018-04-17 * "CARTE 16042018 86 MONOPRIX CB*2967 " ""
  document: "2018-04-30 Boursorama.pdf"
  source: "pdfbourso"
  Depenses:Alimentaire:Epicerie
  Actif:Boursorama:CCAnna                            -14.99 EUR

2018-04-18 * "RETRAIT DAB 17042018 NIORT HALLE CB*2967 " "79"
  document: "2018-04-30 Boursorama.pdf"
  source: "pdfbourso"
  Actif:Cash
  Actif:Boursorama:CCAnna                            -40.00 EUR

2018-04-19 * "CARTE 17042018 HK MODES GROUP LI CB*2967 " ""
  document: "2018-04-30 Boursorama.pdf"
  source: "pdfbourso"
  Depenses:Habillement
  Actif:Boursorama:CCAnna                            -92.91 EUR

2018-04-20 * "PRLV SEPA Bouygues Telecom " "Lignes mobiles"
  document: "2018-04-30 Boursorama.pdf"
  source: "pdfbourso"
  Depenses:Abo:Telephone
  Actif:Boursorama:CCAnna                            -19.99 EUR

2018-04-18 * "CARTE 17042018 Action 4343 CB*2967 " ""
  document: "2018-04-30 Boursorama.pdf"
  source: "pdfbourso"
  Depenses:Habillement
  Actif:Boursorama:CCAnna                             -8.03 EUR

2018-04-23 * " CARTE 19042018 17 AUDALISQUE CB*2967 " ""
  document: "2018-04-30 Boursorama.pdf"
  source: "pdfbourso"
  Depenses:Habillement
  Actif:Boursorama:CCAnna                            -20.00 EUR

2018-04-23 * " CARTE 21042018 79 PHARM DE PARIS CB*2967 " ""
  document: "2018-04-30 Boursorama.pdf"
  source: "pdfbourso"
  Depenses:Sante
  Actif:Boursorama:CCAnna                            -15.00 EUR

2018-04-24 * " CHQ. N.6378035 " ""
  document: "2018-04-30 Boursorama.pdf"
  source: "pdfbourso"
  Depenses:A-CLASSER
  Actif:Boursorama:CCAnna                            -58.00 EUR

2018-04-24 * " RETRAIT DAB 22042018 NIORT HALLE CB*2967 " "79"
  document: "2018-04-30 Boursorama.pdf"
  source: "pdfbourso"
  Actif:Cash
  Actif:Boursorama:CCAnna                            -50.00 EUR

2018-04-25 * " VIR SEPA TRESORERIE HOSP DU SUD DEUX SEV " "PAYE DU MOIS 04/18CH NIORT PA"
  document: "2018-04-30 Boursorama.pdf"
  source: "pdfbourso"
  Revenus:Salaires:CHNiort
  Actif:Boursorama:CCAnna                           1422.73 EUR

2018-04-25 * " CHQ. N.6378029 " ""
  document: "2018-04-30 Boursorama.pdf"
  source: "pdfbourso"
  Depenses:A-CLASSER
  Actif:Boursorama:CCAnna                            -26.90 EUR

2018-04-25 * " CHQ. N.6378030 " ""
  document: "2018-04-30 Boursorama.pdf"
  source: "pdfbourso"
  Depenses:A-CLASSER
  Actif:Boursorama:CCAnna                            -21.00 EUR

2018-04-25 * " CARTE 24042018 IE ITUNES.COM/BIL CB*2967 " ""
  document: "2018-04-30 Boursorama.pdf"
  source: "pdfbourso"
  Depenses:Abo:Apple
  Actif:Boursorama:CCAnna                             -0.99 EUR

2018-04-26 * " CARTE 25042018 79 MERCERIE D ANT CB*2967 " ""
  document: "2018-04-30 Boursorama.pdf"
  source: "pdfbourso"
  Depenses:Loisirs:Couture
  Actif:Boursorama:CCAnna                            -72.55 EUR

2018-04-27 * " CARTE 26042018 79 11 BIS CB*2967 " ""
  document: "2018-04-30 Boursorama.pdf"
  source: "pdfbourso"
  Depenses:Alimentaire:Restaurant
  Actif:Boursorama:CCAnna                            -23.00 EUR

2018-04-30 * " CARTE 27042018 79 OXYGEN CB*2967 " ""
  document: "2018-04-30 Boursorama.pdf"
  source: "pdfbourso"
  Depenses:Enfants:Coiffeur
  Actif:Boursorama:CCAnna                            -10.00 EUR

2018-04-30 * " CARTE 27042018 79 MERCERIE D ANT CB*2967 " ""
  document: "2018-04-30 Boursorama.pdf"
  source: "pdfbourso"
  Depenses:Loisirs:Couture
  Actif:Boursorama:CCAnna                            -23.05 EUR

2018-04-30 * " CARTE 27042018 79 LA LIBRAIRIE H CB*2967 " ""
  document: "2018-04-30 Boursorama.pdf"
  source: "pdfbourso"
  Depenses:Loisirs:Culture
  Actif:Boursorama:CCAnna                             -7.40 EUR

2018-04-30 * " CHQ. N.6378025 " ""
  document: "2018-04-30 Boursorama.pdf"
  source: "pdfbourso"
  Depenses:A-CLASSER
  Actif:Boursorama:CCAnna                            -10.00 EUR

2018-04-30 * " CHQ. N.6378036 " ""
  document: "2018-04-30 Boursorama.pdf"
  source: "pdfbourso"
  Depenses:A-CLASSER
  Actif:Boursorama:CCAnna                             -8.40 EUR


2018-05-01 balance Actif:Boursorama:CCAnna          2142.59 EUR
  document: "2018-05-31 Boursorama.pdf"
  source: "pdfbourso"

2018-05-02 * "VIR Contribution compte commun " "MLE ANNA TRINQUIER OU M GROS"
  document: "2018-05-31 Boursorama.pdf"
  source: "pdfbourso"
  Actif:Boursorama:CCJoint
  Actif:Boursorama:CCAnna                           -500.00 EUR

2018-05-02 * "RETRAIT DAB 30042018 NIORT CB*2967 " "79"
  document: "2018-05-31 Boursorama.pdf"
  source: "pdfbourso"
  Actif:Cash
  Actif:Boursorama:CCAnna                            -50.00 EUR

2018-05-02 * "VIR Epargne CEL " "GROS ANNA"
  document: "2018-05-31 Boursorama.pdf"
  source: "pdfbourso"
  Actif:Boursorama:CELAnna
  Actif:Boursorama:CCAnna                           -100.00 EUR

2018-05-03 * "CARTE 02052018 79 MERCERIE D ANT CB*2967 " ""
  document: "2018-05-31 Boursorama.pdf"
  source: "pdfbourso"
  Depenses:Loisirs:Couture
  Actif:Boursorama:CCAnna                            -30.22 EUR

2018-05-04 * "CARTE 03052018 31 INSCRP EN LIGN CB*2967 " ""
  document: "2018-05-31 Boursorama.pdf"
  source: "pdfbourso"
  Depenses:A-CLASSER
  Actif:Boursorama:CCAnna                             -8.95 EUR

2018-05-07 * "RETRAIT DAB 05052018 NIORT CB*2967 " "79"
  document: "2018-05-31 Boursorama.pdf"
  source: "pdfbourso"
  Actif:Cash
  Actif:Boursorama:CCAnna                            -50.00 EUR

2018-05-10 * "PRLV SEPA GENERALI VIE SA " ".126610290/9921/51519425"
  document: "2018-05-31 Boursorama.pdf"
  source: "pdfbourso"
  Actif:Boursorama:AVAnna2
  Actif:Boursorama:CCAnna                            -50.00 EUR

2018-05-11 * "CARTE 09052018 79 PHARM DE PARIS CB*2967 " ""
  document: "2018-05-31 Boursorama.pdf"
  source: "pdfbourso"
  Depenses:Sante
  Actif:Boursorama:CCAnna                             -2.98 EUR

2018-05-11 * "CARTE 09052018 79 ERAM 2269 CB*2967 " ""
  document: "2018-05-31 Boursorama.pdf"
  source: "pdfbourso"
  Depenses:Habillement
  Actif:Boursorama:CCAnna                            -40.00 EUR

2018-05-22 * "CARTE 19052018 17 BESSON BOUCHER CB*2967 " ""
  document: "2018-05-31 Boursorama.pdf"
  source: "pdfbourso"
  Depenses:Habillement
  Actif:Boursorama:CCAnna                            -95.57 EUR

2018-05-24 * "CARTE 23052018 IE ITUNES.COM/BIL CB*2967 " ""
  document: "2018-05-31 Boursorama.pdf"
  source: "pdfbourso"
  Depenses:Abo:Apple
  Actif:Boursorama:CCAnna                             -0.99 EUR

2018-05-25 * "VIR SEPA TRES. HOSPITALIERE SUD DEUX-SE " "PAYE DU MOIS 05/18CH NIORT PA"
  document: "2018-05-31 Boursorama.pdf"
  source: "pdfbourso"
  Revenus:Salaires:CHNiort
  Actif:Boursorama:CCAnna                           1422.73 EUR

2018-05-28 * "VIR complement decouvert " "MLE ANNA TRINQUIER OU M GROS"
  document: "2018-05-31 Boursorama.pdf"
  source: "pdfbourso"
  Actif:Boursorama:CCJoint
  Actif:Boursorama:CCAnna                           -500.00 EUR

2018-05-21 * "PRLV SEPA Bouygues Telecom " "Lignes mobiles"
  document: "2018-05-31 Boursorama.pdf"
  source: "pdfbourso"
  Depenses:Abo:Telephone
  Actif:Boursorama:CCAnna                            -19.99 EUR

2018-05-29 * "CHQ. N.6378038 " ""
  document: "2018-05-31 Boursorama.pdf"
  source: "pdfbourso"
  Depenses:A-CLASSER
  Actif:Boursorama:CCAnna                            -46.70 EUR

2018-05-29 * "CARTE 28052018 79 BIOMARCHE CB*2967 " ""
  document: "2018-05-31 Boursorama.pdf"
  source: "pdfbourso"
  Depenses:Alimentaire:Epicerie
  Actif:Boursorama:CCAnna                            -24.68 EUR

2018-05-29 * "CARTE 28052018 79 TISSUS DU RENA CB*2967 " ""
  document: "2018-05-31 Boursorama.pdf"
  source: "pdfbourso"
  Depenses:Loisirs:Couture
  Actif:Boursorama:CCAnna                            -20.00 EUR

2018-05-29 * "CARTE 28052018 79 LES PLANCHES CB*2967 " ""
  document: "2018-05-31 Boursorama.pdf"
  source: "pdfbourso"
  Depenses:Alimentaire:Restaurant
  Actif:Boursorama:CCAnna                            -23.87 EUR

2018-05-31 * "RETRAIT DAB 30052018 NIORT HALLE CB*2967 " "79"
  document: "2018-05-31 Boursorama.pdf"
  source: "pdfbourso"
  Actif:Cash
  Actif:Boursorama:CCAnna                            -60.00 EUR

2018-05-31 * "CARTE 30052018 79 MERCERIE D ANT CB*2967 " ""
  document: "2018-05-31 Boursorama.pdf"
  source: "pdfbourso"
  Depenses:Loisirs:Couture
  Actif:Boursorama:CCAnna                            -90.94 EUR

2018-05-30 * "CARTE 29052018 79 MAX MUSIQUE CB*2967 " ""
  document: "2018-05-31 Boursorama.pdf"
  source: "pdfbourso"
  Depenses:Enfants:Loisirs
  Actif:Boursorama:CCAnna                            -14.50 EUR

2018-06-01 balance Actif:Boursorama:CCAnna          1835.93 EUR
  document: "2018-06-29 Boursorama.pdf"
  source: "pdfbourso"

2018-06-01 * "VIR Contribution compte commun " "MLE ANNA TRINQUIER OU M GROS"
  document: "2018-06-29 Boursorama.pdf"
  source: "pdfbourso"
  Actif:Boursorama:CCJoint
  Actif:Boursorama:CCAnna                           -500.00 EUR

2018-06-01 * "VIR Epargne CEL " "GROS ANNA"
  document: "2018-06-29 Boursorama.pdf"
  source: "pdfbourso"
  Actif:Boursorama:CELAnna
  Actif:Boursorama:CCAnna                           -100.00 EUR

2018-06-07 * "CARTE 06062018 79 KIABI CB*2967 " ""
  document: "2018-06-29 Boursorama.pdf"
  source: "pdfbourso"
  Depenses:Habillement
  Actif:Boursorama:CCAnna                            -10.00 EUR

2018-06-06 * "CARTE 05062018 79 H&M238 CB*2967 " ""
  document: "2018-06-29 Boursorama.pdf"
  source: "pdfbourso"
  Depenses:Habillement
  Actif:Boursorama:CCAnna                            -65.42 EUR

2018-06-11 * "CARTE 09062018 79 PHARM DE PARIS CB*2967 " ""
  document: "2018-06-29 Boursorama.pdf"
  source: "pdfbourso"
  Depenses:Sante
  Actif:Boursorama:CCAnna                            -18.61 EUR

2018-06-11 * "CARTE 10062018 79 PICARD SA 082 CB*2967 " ""
  document: "2018-06-29 Boursorama.pdf"
  source: "pdfbourso"
  Depenses:Alimentaire:Epicerie
  Actif:Boursorama:CCAnna                            -50.27 EUR

2018-06-14 * "PRLV SEPA GENERALI VIE SA " ".127519104/9921/51519425"
  document: "2018-06-29 Boursorama.pdf"
  source: "pdfbourso"
  Actif:Boursorama:AVAnna2
  Actif:Boursorama:CCAnna                            -50.00 EUR

2018-06-12 * "RETRAIT DAB 09062018 NIORT HALLE CB*2967 " "79"
  document: "2018-06-29 Boursorama.pdf"
  source: "pdfbourso"
  Actif:Cash
  Actif:Boursorama:CCAnna                            -70.00 EUR

2018-06-14 * "CARTE 13062018 79 INTERMARCHE CB*2967 " ""
  document: "2018-06-29 Boursorama.pdf"
  source: "pdfbourso"
  Depenses:Alimentaire:Epicerie
  Actif:Boursorama:CCAnna                            -18.05 EUR

2018-06-18 * "CARTE 15062018 79 TAO NIORT CB*2967 " ""
  document: "2018-06-29 Boursorama.pdf"
  source: "pdfbourso"
  Depenses:Habillement
  Actif:Boursorama:CCAnna                            -85.29 EUR

2018-06-21 * "REM CHQ N. 1715475 " ""
  document: "2018-06-29 Boursorama.pdf"
  source: "pdfbourso"
  Depenses:A-CLASSER
  Actif:Boursorama:CCAnna                             35.00 EUR

2018-06-20 * "PRLV SEPA Bouygues Telecom " "Lignes mobiles"
  document: "2018-06-29 Boursorama.pdf"
  source: "pdfbourso"
  Depenses:Abo:Telephone
  Actif:Boursorama:CCAnna                            -19.99 EUR

2018-06-21 * "CHQ. N.6378039 " ""
  document: "2018-06-29 Boursorama.pdf"
  source: "pdfbourso"
  Depenses:A-CLASSER
  Actif:Boursorama:CCAnna                            -20.00 EUR

2018-06-21 * "CARTE 20062018 17 RAWCOCO CB*2967 " ""
  document: "2018-06-29 Boursorama.pdf"
  source: "pdfbourso"
  Depenses:Habillement
  Actif:Boursorama:CCAnna                            -18.10 EUR

2018-06-21 * "CARTE 20062018 17 LE LONGCHAMP CB*2967 " ""
  document: "2018-06-29 Boursorama.pdf"
  source: "pdfbourso"
  Depenses:Alimentaire:Restaurant
  Actif:Boursorama:CCAnna                            -20.60 EUR

2018-06-21 * "CARTE 20062018 17 A TON ETOILE CB*2967 " ""
  document: "2018-06-29 Boursorama.pdf"
  source: "pdfbourso"
  Depenses:Habillement
  Actif:Boursorama:CCAnna                            -39.50 EUR

2018-06-25 * "CARTE 21062018 17 CHAUS. ERAM CB*2967 " ""
  document: "2018-06-29 Boursorama.pdf"
  source: "pdfbourso"
  Depenses:Habillement
  Actif:Boursorama:CCAnna                            -31.50 EUR

2018-06-25 * "CARTE 21062018 17 AYONA CB*2967 " ""
  document: "2018-06-29 Boursorama.pdf"
  source: "pdfbourso"
  Depenses:Habillement
  Actif:Boursorama:CCAnna                            -80.00 EUR

2018-06-25 * "CARTE 22062018 17 LA CANTINE DU CB*2967 " ""
  document: "2018-06-29 Boursorama.pdf"
  source: "pdfbourso"
  Depenses:Alimentaire:Restaurant
  Actif:Boursorama:CCAnna                            -11.20 EUR

2018-06-25 * "CARTE 22062018 17 CROCBOOK CB*2967 " ""
  document: "2018-06-29 Boursorama.pdf"
  source: "pdfbourso"
  Depenses:Habillement
  Actif:Boursorama:CCAnna                            -17.00 EUR

2018-06-25 * "CARTE 23062018 79 OXYGEN CB*2967 " ""
  document: "2018-06-29 Boursorama.pdf"
  source: "pdfbourso"
  Depenses:Enfants:Coiffeur
  Actif:Boursorama:CCAnna                            -16.00 EUR

2018-06-22 * "CARTE 21062018 17 LA CANTINE DU CB*2967 " ""
  document: "2018-06-29 Boursorama.pdf"
  source: "pdfbourso"
  Depenses:Alimentaire:Restaurant
  Actif:Boursorama:CCAnna                            -11.20 EUR

2018-06-25 * "CARTE 23062018 IE ITUNES.COM/BIL CB*2967 " ""
  document: "2018-06-29 Boursorama.pdf"
  source: "pdfbourso"
  Depenses:Abo:Apple
  Actif:Boursorama:CCAnna                             -0.99 EUR

2018-06-26 * "VIR SEPA TRES. HOSPITALIERE SUD DEUX-SE " "PAYE DU MOIS 06/18CH NIORT PA"
  document: "2018-06-29 Boursorama.pdf"
  source: "pdfbourso"
  Revenus:Salaires:CHNiort
  Actif:Boursorama:CCAnna                           1422.25 EUR

2018-06-27 * "CARTE 26062018 79 RESTAURANT DON CB*2967 " ""
  document: "2018-06-29 Boursorama.pdf"
  source: "pdfbourso"
  Depenses:Alimentaire:Restaurant
  Actif:Boursorama:CCAnna                            -24.28 EUR

2018-06-28 * "CHQ. N.6378040 " ""
  document: "2018-06-29 Boursorama.pdf"
  source: "pdfbourso"
  Depenses:A-CLASSER
  Actif:Boursorama:CCAnna                            -28.00 EUR

2018-06-28 * "CHQ. N.6378041 " ""
  document: "2018-06-29 Boursorama.pdf"
  source: "pdfbourso"
  Depenses:A-CLASSER
  Actif:Boursorama:CCAnna                           -181.30 EUR

2018-06-28 * "CARTE 27062018 75 LES COUPONS DE CB*2967 " ""
  document: "2018-06-29 Boursorama.pdf"
  source: "pdfbourso"
  Depenses:Loisirs:Couture
  Actif:Boursorama:CCAnna                            -66.06 EUR

2018-06-28 * "CARTE 27062018 79 H&M238 CB*2967 " ""
  document: "2018-06-29 Boursorama.pdf"
  source: "pdfbourso"
  Depenses:Habillement
  Actif:Boursorama:CCAnna                            -66.89 EUR

2018-06-28 * "CARTE 27062018 79 D8281 CB*2967 " ""
  document: "2018-06-29 Boursorama.pdf"
  source: "pdfbourso"
  Depenses:Alimentaire:Epicerie
  Actif:Boursorama:CCAnna                             -7.50 EUR

2018-06-30 balance Actif:Boursorama:CCAnna  1665.43 EUR
  document: "2018-07-31 Boursorama.pdf"
  source: "pdfbourso"

2018-07-02 * "VIR Contribution compte commun " "MLE ANNA TRINQUIER OU M GROS"
  document: "2018-07-31 Boursorama.pdf"
  source: "pdfbourso"
  Actif:Boursorama:CCJoint
  Actif:Boursorama:CCAnna                           -500.00 EUR

2018-07-02 * "VIR Epargne CEL " "GROS ANNA"
  document: "2018-07-31 Boursorama.pdf"
  source: "pdfbourso"
  Actif:Boursorama:CELAnna
  Actif:Boursorama:CCAnna                           -100.00 EUR

2018-07-02 ! "VIR SEPA CERF FORMATION SAS " "VIRT-SALAIRE-JUIN-01111"
  document: "2018-07-31 Boursorama.pdf"
  source: "pdfbourso"
  Revenus:Salaires:CHNiort
  Actif:Boursorama:CCAnna                            489.43 EUR

2018-07-03 * "CHQ. N.5886965 " ""
  document: "2018-07-31 Boursorama.pdf"
  source: "pdfbourso"
  Depenses:Immobilier:Menage:Salaire
  Actif:Boursorama:CCAnna                            -88.00 EUR

2018-07-03 * "RETRAIT DAB 30062018 NIORT CB*2967 " "79"
  document: "2018-07-31 Boursorama.pdf"
  source: "pdfbourso"
  Actif:Cash
  Actif:Boursorama:CCAnna                            -80.00 EUR

2018-07-04 * "CARTE 03072018 79 PHARM DE PARIS CB*2967 " ""
  document: "2018-07-31 Boursorama.pdf"
  source: "pdfbourso"
  Depenses:Sante
  Actif:Boursorama:CCAnna                             -8.60 EUR

2018-07-05 * "RETRAIT DAB 05072018 NIORT CB*2967 " "79"
  document: "2018-07-31 Boursorama.pdf"
  source: "pdfbourso"
  Actif:Cash
  Actif:Boursorama:CCAnna                            -30.00 EUR

2018-07-05 * "CARTE 04072018 79 TAO NIORT CB*2967 " ""
  document: "2018-07-31 Boursorama.pdf"
  source: "pdfbourso"
  Depenses:Habillement
  Actif:Boursorama:CCAnna                            -26.96 EUR

2018-07-05 * "CARTE 04072018 79 REG.STATIONMT CB*2967 " ""
  document: "2018-07-31 Boursorama.pdf"
  source: "pdfbourso"
  Depenses:Voitures:Peages
  Actif:Boursorama:CCAnna                             -1.50 EUR

2018-07-06 * "CARTE 05072018 79 EURODIF CB*2967 " ""
  document: "2018-07-31 Boursorama.pdf"
  source: "pdfbourso"
  Depenses:Loisirs:Couture
  Actif:Boursorama:CCAnna                            -34.93 EUR

2018-07-09 * "RETRAIT DAB 07072018 NIORT REPUB CB*2967 " "79"
  document: "2018-07-31 Boursorama.pdf"
  source: "pdfbourso"
  Actif:Cash
  Actif:Boursorama:CCAnna                            -40.00 EUR

2018-07-10 * "CHQ. N.6378043 " ""
  document: "2018-07-31 Boursorama.pdf"
  source: "pdfbourso"
  Depenses:A-CLASSER
  Actif:Boursorama:CCAnna                            -46.70 EUR

2018-07-11 * "PRLV SEPA GENERALI VIE SA " ".128356923/9921/51519425"
  document: "2018-07-31 Boursorama.pdf"
  source: "pdfbourso"
  Actif:Boursorama:AVAnna2
  Actif:Boursorama:CCAnna                            -50.00 EUR

2018-07-11 * "CARTE 10072018 79 INTERMARCHE CB*2967 " ""
  document: "2018-07-31 Boursorama.pdf"
  source: "pdfbourso"
  Depenses:Alimentaire:Epicerie
  Actif:Boursorama:CCAnna                            -19.83 EUR

2018-07-12 * "CARTE 11072018 79 LA MALLE AUX I CB*2967 " ""
  document: "2018-07-31 Boursorama.pdf"
  source: "pdfbourso"
  Depenses:Cadeaux
  Actif:Boursorama:CCAnna                            -11.90 EUR

2018-07-13 * "CARTE 12072018 79 LAMBERT MARTIN CB*2967 " ""
  document: "2018-07-31 Boursorama.pdf"
  source: "pdfbourso"
  Depenses:Habillement
  Actif:Boursorama:CCAnna                             -7.80 EUR

2018-07-16 * "CARTE 14072018 79 GL NIORT CB*2967 " ""
  document: "2018-07-31 Boursorama.pdf"
  source: "pdfbourso"
  Depenses:Habillement
  Actif:Boursorama:CCAnna                            -60.94 EUR

2018-07-16 * "CARTE 14072018 79 BOUTIQUE MICH CB*2967 " ""
  document: "2018-07-31 Boursorama.pdf"
  source: "pdfbourso"
  Depenses:Habillement
  Actif:Boursorama:CCAnna                            -40.00 EUR

2018-07-18 * "CARTE 17072018 79 OXYGEN CB*2967 " ""
  document: "2018-07-31 Boursorama.pdf"
  source: "pdfbourso"
  Depenses:Coiffeur
  Actif:Boursorama:CCAnna                            -33.00 EUR

2018-07-20 ! "VIR SEPA CERF FORMATION SAS " "Virt Sal 06/2018 CERF Formation"
  document: "2018-07-31 Boursorama.pdf"
  source: "pdfbourso"
  Revenus:Salaires:CHNiort
  Actif:Boursorama:CCAnna                             37.30 EUR

2018-07-23 * "PRLV SEPA Bouygues Telecom " "Lignes mobiles"
  document: "2018-07-31 Boursorama.pdf"
  source: "pdfbourso"
  Depenses:Abo:Telephone
  Actif:Boursorama:CCAnna                            -19.99 EUR

2018-07-24 * "CARTE 20072018 79 PHARM DE PARIS CB*2967 " ""
  document: "2018-07-31 Boursorama.pdf"
  source: "pdfbourso"
  Depenses:Sante
  Actif:Boursorama:CCAnna                            -17.56 EUR

2018-07-24 * "CARTE 20072018 17 CHAI PEPETTE CB*2967 " ""
  document: "2018-07-31 Boursorama.pdf"
  source: "pdfbourso"
  Depenses:Alimentaire:Restaurant
  Actif:Boursorama:CCAnna                            -60.60 EUR

2018-07-24 * "CARTE 21072018 17 O PARLOIR CB*2967 " ""
  document: "2018-07-31 Boursorama.pdf"
  source: "pdfbourso"
  Depenses:Alimentaire:Restaurant
  Actif:Boursorama:CCAnna                           -105.00 EUR

2018-07-24 * "CARTE 21072018 17 SHOPI CB*2967 " ""
  document: "2018-07-31 Boursorama.pdf"
  source: "pdfbourso"
  Depenses:Alimentaire:Epicerie
  Actif:Boursorama:CCAnna                            -17.26 EUR

2018-07-24 * "CARTE 21072018 17 SENSEI CB*2967 " ""
  document: "2018-07-31 Boursorama.pdf"
  source: "pdfbourso"
  Depenses:Alimentaire:Restaurant
  Actif:Boursorama:CCAnna                            -19.50 EUR

2018-07-06 * "CARTE 05072018 79 O RESTAURATION CB*2967 " ""
  document: "2018-07-31 Boursorama.pdf"
  source: "pdfbourso"
  Depenses:Alimentaire:Restaurant
  Actif:Boursorama:CCAnna                            -25.00 EUR

2018-07-24 * "CARTE 23072018 79 TAO NIORT CB*2967 " ""
  document: "2018-07-31 Boursorama.pdf"
  source: "pdfbourso"
  Depenses:Habillement
  Actif:Boursorama:CCAnna                            -61.48 EUR

2018-07-24 * "CARTE 23072018 79 H&M148 CB*2967 " ""
  document: "2018-07-31 Boursorama.pdf"
  source: "pdfbourso"
  Depenses:Habillement
  Actif:Boursorama:CCAnna                            -37.95 EUR

2018-07-25 * "VIR SEPA TRES. HOSPITALIERE SUD DEUX-SE " "PAYE DU MOIS 07/18CH NIORT PA"
  document: "2018-07-31 Boursorama.pdf"
  source: "pdfbourso"
  Revenus:Salaires:CHNiort
  Actif:Boursorama:CCAnna                           1422.73 EUR

2018-07-25 * "CARTE 24072018 IE ITUNES.COM/BIL CB*2967 " ""
  document: "2018-07-31 Boursorama.pdf"
  source: "pdfbourso"
  Depenses:Abo:Apple
  Actif:Boursorama:CCAnna                             -0.99 EUR

2018-07-26 * "CHQ. N.6378042 " ""
  document: "2018-07-31 Boursorama.pdf"
  source: "pdfbourso"
  Depenses:A-CLASSER
  Actif:Boursorama:CCAnna                            -24.00 EUR

2018-07-27 * "CARTE 26072018 79 E LECLERC CB*2967 " ""
  document: "2018-07-31 Boursorama.pdf"
  source: "pdfbourso"
  Depenses:Alimentaire:Epicerie
  Actif:Boursorama:CCAnna                            -65.26 EUR

2018-07-30 * "PRLV SEPA TRES. HOSPITALIERE SUD DEUX-SE " "Repas restaurant"
  document: "2018-07-31 Boursorama.pdf"
  source: "pdfbourso"
  Depenses:Alimentaire:Restaurant
  Actif:Boursorama:CCAnna                            -18.70 EUR

2018-07-25 * "CHQ. N.6378044 " ""
  document: "2018-07-31 Boursorama.pdf"
  source: "pdfbourso"
  Depenses:A-CLASSER
  Actif:Boursorama:CCAnna                            -58.00 EUR

2018-07-30 * "RETRAIT DAB 28072018 NIORT REPUB CB*2967 " "79"
  document: "2018-07-31 Boursorama.pdf"
  source: "pdfbourso"
  Actif:Cash
  Actif:Boursorama:CCAnna                           -150.00 EUR

2018-07-30 * "CARTE 27072018 79 EURODIF CB*2967 " ""
  document: "2018-07-31 Boursorama.pdf"
  source: "pdfbourso"
  Depenses:Loisirs:Couture
  Actif:Boursorama:CCAnna                            -24.06 EUR

2018-07-30 * "CARTE 27072018 79 OXYGEN CB*2967 " ""
  document: "2018-07-31 Boursorama.pdf"
  source: "pdfbourso"
  Depenses:Enfants:Coiffeur
  Actif:Boursorama:CCAnna                            -10.00 EUR

2018-07-30 * "CARTE 27072018 79 MANOUE LILIE CB*2967 " ""
  document: "2018-07-31 Boursorama.pdf"
  source: "pdfbourso"
  Depenses:Habillement
  Actif:Boursorama:CCAnna                            -64.00 EUR

2018-07-30 * "CARTE 27072018 79 D8281 CB*2967 " ""
  document: "2018-07-31 Boursorama.pdf"
  source: "pdfbourso"
  Depenses:Alimentaire:Epicerie
  Actif:Boursorama:CCAnna                            -11.99 EUR

2018-07-31 * "CHQ. N.6378045 " ""
  document: "2018-07-31 Boursorama.pdf"
  source: "pdfbourso"
  Depenses:A-CLASSER
  Actif:Boursorama:CCAnna                            -46.70 EUR

2018-08-01 balance Actif:Boursorama:CCAnna  1596.69000000000005456968210637569427490234375 EUR
  document: "2018-08-31 Boursorama.pdf"
  source: "pdfbourso"

2018-08-01 * "VIR Contribution compte commun " "MLE ANNA TRINQUIER OU M GROS"
  document: "2018-08-31 Boursorama.pdf"
  source: "pdfbourso"
  Actif:Boursorama:CCJoint
  Actif:Boursorama:CCAnna                           -500.00 EUR

2018-08-01 * "VIR Epargne CEL " "GROS ANNA"
  document: "2018-08-31 Boursorama.pdf"
  source: "pdfbourso"
  Actif:Boursorama:CELAnna
  Actif:Boursorama:CCAnna                           -100.00 EUR

2018-08-02 * "CARTE 01082018 79 E LECLERC CB*2967 " ""
  document: "2018-08-31 Boursorama.pdf"
  source: "pdfbourso"
  Depenses:Alimentaire:Epicerie
  Actif:Boursorama:CCAnna                            -30.53 EUR

2018-08-07 * "RETRAIT DAB 04082018 LE CHATEAU CB*2967 " "17"
  document: "2018-08-31 Boursorama.pdf"
  source: "pdfbourso"
  Actif:Cash
  Actif:Boursorama:CCAnna                            -60.00 EUR

2018-08-07 * "CARTE 04082018 17 LIBR. JABALOT CB*2967 " ""
  document: "2018-08-31 Boursorama.pdf"
  source: "pdfbourso"
  Depenses:Loisirs:Culture
  Actif:Boursorama:CCAnna                            -23.60 EUR

2018-08-09 * "CARTE 07082018 93 LULU LA LUCIOL CB*2967 " ""
  document: "2018-08-31 Boursorama.pdf"
  source: "pdfbourso"
  Depenses:Habillement
  Actif:Boursorama:CCAnna                           -138.46 EUR

2018-08-10 * "PRLV SEPA GENERALI VIE SA " ".128928194/9921/51519425"
  document: "2018-08-31 Boursorama.pdf"
  source: "pdfbourso"
  Actif:Boursorama:AVAnna2
  Actif:Boursorama:CCAnna                            -50.00 EUR

2018-08-13 * "PRLV SEPA TRES. HOSPITALIERE SUD DEUX-SE " "Repas restaurant"
  document: "2018-08-31 Boursorama.pdf"
  source: "pdfbourso"
  Depenses:Alimentaire:Restaurant
  Actif:Boursorama:CCAnna                             -7.93 EUR

2018-08-14 * "CARTE 11082018 17 AFFAIRES DE FA CB*2967 " ""
  document: "2018-08-31 Boursorama.pdf"
  source: "pdfbourso"
  Depenses:Habillement
  Actif:Boursorama:CCAnna                            -46.00 EUR

2018-08-20 * "PRLV SEPA Bouygues Telecom " "Lignes mobiles"
  document: "2018-08-31 Boursorama.pdf"
  source: "pdfbourso"
  Depenses:Abo:Telephone
  Actif:Boursorama:CCAnna                            -22.99 EUR

2018-08-22 * " CARTE 20082018 93 VENTE-PRIVEE.C CB*2967 " ""
  document: "2018-08-31 Boursorama.pdf"
  source: "pdfbourso"
  Depenses:Habillement
  Actif:Boursorama:CCAnna                            -49.00 EUR

2018-08-22 * " CARTE 20082018 93 VENTE PRIVEE C CB*2967 " ""
  document: "2018-08-31 Boursorama.pdf"
  source: "pdfbourso"
  Depenses:Habillement
  Actif:Boursorama:CCAnna                            -61.99 EUR

2018-08-24 * " CARTE 23082018 IE ITUNES.COM/BIL CB*2967 " ""
  document: "2018-08-31 Boursorama.pdf"
  source: "pdfbourso"
  Depenses:Abo:Apple
  Actif:Boursorama:CCAnna                             -0.99 EUR

2018-08-27 * " VIR SEPA TRESORERIE HOSP DU SUD DEUX SEV " "PAYE DU MOIS 08/18CH NIORT PA"
  document: "2018-08-31 Boursorama.pdf"
  source: "pdfbourso"
  Revenus:Salaires:CHNiort
  Actif:Boursorama:CCAnna                           1422.73 EUR

2018-08-07 * "CARTE 04082018 17 SARL DELNOT BI CB*2967 " ""
  document: "2018-08-31 Boursorama.pdf"
  source: "pdfbourso"
  Depenses:Habillement
  Actif:Boursorama:CCAnna                            -26.42 EUR

1981-02-07 custom "fava-option" "insert-entry" "Actif:Boursorama:CCAnna"

** Cartes de crédit
*** Visa Compte Tim
2013-08-26 open   Passif:Boursorama:CBTim                   EUR
2013-08-27 pad    Passif:Boursorama:CBTim  Equity:Opening-Balances
2019-08-19 balance  Passif:Boursorama:CBTim         -513.45 EUR

2019-04-15 * "RETRAIT DAB 13/04/19 NIORT       CB*1974" ""
  source: "qif"
  Actif:Boursorama:CCTim                            -100.00 EUR
  Actif:Cash                                         100.00 EUR

2019-01-02 * "CARTE 31122018 LE FOURNIL" ""
  source: "qif"
  Passif:Boursorama:CBTim                             -5.60 EUR
  Depenses:Alimentaire:Epicerie                        5.60 EUR

2019-01-02 * "CARTE 31122018 PHIE DE L'OLIVIER" ""
  source: "qif"
  Passif:Boursorama:CBTim                             -7.13 EUR
  Depenses:Sante                                       7.13 EUR

2019-01-03 * "CARTE 02012019 79 PHIE BONNET ABELIN" ""
  source: "qif"
  Passif:Boursorama:CBTim                             -3.65 EUR
  Depenses:Sante                                       3.65 EUR

2019-01-04 * "CARTE 02012019 PICARD SA 282   4212109" ""
  source: "qif"
  Passif:Boursorama:CBTim                             -9.30 EUR
  Depenses:Alimentaire:Epicerie                        9.30 EUR

2019-01-07 * "CARTE 04012019 TISSUS DU RENARD" ""
  source: "qif"
  Passif:Boursorama:CBTim                            -13.10 EUR
  Depenses:Loisirs:Couture                            13.10 EUR

2019-01-07 * "CARTE 04012019 LA TRATTORIA" ""
  source: "qif"
  Passif:Boursorama:CBTim                            -16.80 EUR
  Depenses:Alimentaire:Restaurant                     16.80 EUR

2019-01-08 * "CARTE 05012019 INTERMARCHE" ""
  source: "qif"
  Passif:Boursorama:CBTim                             -6.97 EUR
  Depenses:Alimentaire:Epicerie                        6.97 EUR

2019-01-08 * "CARTE 07012019 E.L.G" ""
  source: "qif"
  Passif:Boursorama:CBTim                            -17.00 EUR
  Depenses:Coiffeur                                   17.00 EUR

2019-01-14 * "CARTE 09012019 29 MAX PAYPAL" "Spotify"
  source: "qif"
  Passif:Boursorama:CBTim                             -3.38 EUR
  Depenses:Abo:Musique                                 3.38 EUR

2019-01-14 * "CARTE 11012019 79 E LECLERC DAC VL" ""
  source: "qif"
  Passif:Boursorama:CBTim                            -55.01 EUR
  Depenses:Voitures:Carburant                         55.01 EUR

2019-01-14 * "CARTE 10012019 COMPTOIR DU PELICAN" ""
  source: "qif"
  Passif:Boursorama:CBTim                            -19.90 EUR
  Depenses:Alimentaire:Restaurant                     19.90 EUR

2019-01-14 * "CARTE 11012019 DOUC'HEUR DU MA" ""
  source: "qif"
  Passif:Boursorama:CBTim                            -21.70 EUR
  Depenses:Alimentaire:Restaurant                     21.70 EUR

2019-01-14 * "CARTE 12012019 PHARM DE PARIS" ""
  source: "qif"
  Passif:Boursorama:CBTim                             -8.67 EUR
  Depenses:Sante                                       8.67 EUR

2019-01-14 * "CARTE 12012019 LE GRAND BLEU" ""
  source: "qif"
  Passif:Boursorama:CBTim                            -11.40 EUR
  Depenses:Alimentaire:Epicerie                       11.40 EUR

2019-01-15 * "CARTE 12012019 AMIS DU MARAIS NIOR" ""
  source: "qif"
  Passif:Boursorama:CBTim                            -12.44 EUR
  Depenses:Alimentaire:Epicerie                       12.44 EUR

2019-01-17 * "CARTE 16012019 PIZZA FEU BOIS" ""
  source: "qif"
  Passif:Boursorama:CBTim                            -40.50 EUR
  Depenses:Alimentaire:Restaurant                     40.50 EUR

2019-01-21 * "CARTE 20012019 79 SEV" ""
  source: "qif"
  Passif:Boursorama:CBTim                           -282.64 EUR
  Depenses:Abo:Eau                                   282.64 EUR

2019-01-21 * "CARTE 19012019 79 E LECLERC DAC VL" ""
  source: "qif"
  Passif:Boursorama:CBTim                            -13.37 EUR
  Depenses:Voitures:Carburant                         13.37 EUR

2019-01-21 * "CARTE 17012019 MAISON CREPIN" ""
  source: "qif"
  Passif:Boursorama:CBTim                             -8.00 EUR
  Depenses:Alimentaire:Restaurant                      8.00 EUR

2019-01-24 * "CARTE 22012019 LE FOURNIL" ""
  source: "qif"
  Passif:Boursorama:CBTim                             -8.40 EUR
  Depenses:Alimentaire:Restaurant                      8.40 EUR

2019-01-28 * "CARTE 26012019 17 PAILLE M" ""
  source: "qif"
  Passif:Boursorama:CBTim                            -14.75 EUR
  Depenses:Alimentaire:Restaurant                     14.75 EUR

2019-01-28 * "CARTE 26012019 79 LE GRAND BLEU" ""
  source: "qif"
  Passif:Boursorama:CBTim                             -5.66 EUR
  Depenses:Alimentaire:Epicerie                        5.66 EUR

2019-01-28 * "CARTE 26012019 79 PHARM DE PARIS" ""
  source: "qif"
  Passif:Boursorama:CBTim                             -8.98 EUR
  Depenses:Sante                                       8.98 EUR

2019-01-28 * "CARTE 25012019 29 MAX GOLDEN FROG" ""
  source: "qif"
  Passif:Boursorama:CBTim                            -10.50 EUR
  Depenses:Abo:Serveur                                10.50 EUR

2019-01-28 * "CARTE 26012019 79 FROMAGES DE SYL" ""
  source: "qif"
  Passif:Boursorama:CBTim                             -8.90 EUR
  Depenses:Alimentaire:Epicerie                        8.90 EUR

2019-01-28 * "CARTE 26012019 79 AMIS DU MARAIS NIOR" ""
  source: "qif"
  Passif:Boursorama:CBTim                            -19.05 EUR
  Depenses:Alimentaire:Epicerie                       19.05 EUR

2019-01-30 * "CARTE 29012019 79 MAISON CREPIN" ""
  source: "qif"
  Passif:Boursorama:CBTim                             -8.25 EUR
  Depenses:Alimentaire:Restaurant                      8.25 EUR

2019-01-30 * "CARTE 28012019 MAISON CREPIN" ""
  source: "qif"
  Passif:Boursorama:CBTim                             -8.55 EUR
  Depenses:Alimentaire:Restaurant                      8.55 EUR

2019-01-31 ! "CARTE 30012019 79 ESA" ""
  source: "qif"
  Passif:Boursorama:CBTim                           -327.74 EUR
  Depenses:A-CLASSER                                 327.74 EUR

2019-02-01 * "CARTE 31012019 MC DONALD       4317004" ""
  source: "qif"
  Passif:Boursorama:CBTim                            -17.50 EUR
  Depenses:Alimentaire:Restaurant                     17.50 EUR

2019-02-04 * "CARTE 01022019 79 PHARM DE PARIS" ""
  source: "qif"
  Passif:Boursorama:CBTim                             -5.95 EUR
  Depenses:Sante                                       5.95 EUR

2019-02-04 * "CARTE 01022019 79 REG.STATIONMT" ""
  source: "qif"
  Passif:Boursorama:CBTim                             -0.70 EUR
  Actif:NoteDeFrais                                    0.70 EUR

2019-02-04 * "CARTE 01022019 79 MAISON CREPIN" ""
  source: "qif"
  Passif:Boursorama:CBTim                             -8.45 EUR
  Depenses:Alimentaire:Restaurant                      8.45 EUR

2019-02-04 * "CARTE 02022019 79 GALERIES LAFAYET" ""
  source: "qif"
  Passif:Boursorama:CBTim                           -192.61 EUR
  Depenses:Habillement                               192.61 EUR

2019-02-04 * "CARTE 02022019 CASTORAMA       2902628" ""
  source: "qif"
  Passif:Boursorama:CBTim                            -16.45 EUR
  Depenses:Immobilier:Travaux                         16.45 EUR

2019-02-08 * "CARTE 07022019 79 CAMINO" ""
  source: "qif"
  Passif:Boursorama:CBTim                            -15.20 EUR
  Depenses:Alimentaire:Restaurant                     15.20 EUR

2019-02-08 * "CARTE 07022019 79 MAISON CREPIN" ""
  source: "qif"
  Passif:Boursorama:CBTim                            -20.75 EUR
  Depenses:Alimentaire:Restaurant                     20.75 EUR

2019-02-08 * "CARTE 07022019 79 MAISON CREPIN" ""
  source: "qif"
  Passif:Boursorama:CBTim                             -8.45 EUR
  Depenses:Alimentaire:Restaurant                      8.45 EUR

2019-02-11 * "CARTE 08022019 79 PHARMACIE BLANCHART" ""
  source: "qif"
  Passif:Boursorama:CBTim                             -6.48 EUR
  Depenses:Sante                                       6.48 EUR

2019-02-11 * "CARTE 09022019 79 LE GRAND BLEU" ""
  source: "qif"
  Passif:Boursorama:CBTim                            -22.57 EUR
  Depenses:Alimentaire:Epicerie                       22.57 EUR

2019-02-11 * "CARTE 09022019 FROMAGES DE SYL" ""
  source: "qif"
  Passif:Boursorama:CBTim                            -11.16 EUR
  Depenses:Alimentaire:Epicerie                       11.16 EUR

2019-02-11 * "CARTE 09022019 PICARD SA 282   4212109" ""
  source: "qif"
  Passif:Boursorama:CBTim                            -41.59 EUR
  Depenses:Alimentaire:Epicerie                       41.59 EUR

2019-02-12 * "CARTE 10022019 IS NEWSGROUP.NINJA" ""
  source: "qif"
  Passif:Boursorama:CBTim                            -35.33 EUR
  Depenses:Abo:Serveur                                35.33 EUR

2019-02-12 * "CION OP.ETR IS NEWSGROUP.NINJA" ""
  source: "qif"
  Passif:Boursorama:CBTim                             -0.68 EUR
  Depenses:Banque:Frais                                0.68 EUR

2019-02-13 * "CARTE 09022019 29 MAX PAYPAL *SPOTIFY" "Spotify"
  source: "qif"
  Passif:Boursorama:CBTim                             -3.44 EUR
  Depenses:Abo:Musique                                 3.44 EUR

2019-02-13 * "CARTE 11022019 29 MAX SQ *GREEN GOAT GAM" ""
  source: "qif"
  Passif:Boursorama:CBTim                             -5.30 EUR
  Depenses:Abo:Serveur                                 5.30 EUR

2019-02-13 * "CARTE 09022019 INTERMARCHE" ""
  source: "qif"
  Passif:Boursorama:CBTim                            -12.93 EUR
  Depenses:Alimentaire:Epicerie                       12.93 EUR

2019-02-13 * "CARTE 09022019 AMIS DU MARAIS NIOR" ""
  source: "qif"
  Passif:Boursorama:CBTim                             -6.38 EUR
  Depenses:Alimentaire:Epicerie                        6.38 EUR

2019-02-18 * "CARTE 14022019 MAISON CREPIN" ""
  source: "qif"
  Passif:Boursorama:CBTim                             -8.45 EUR
  Depenses:Alimentaire:Restaurant                      8.45 EUR

2019-02-19 * "CARTE 18022019 79 READY MADE" ""
  source: "qif"
  Passif:Boursorama:CBTim                            -54.00 EUR
  Depenses:Alimentaire:Restaurant                     54.00 EUR

2019-02-19 * "CARTE 16022019 INTERMARCHE" ""
  source: "qif"
  Passif:Boursorama:CBTim                            -13.11 EUR
  Depenses:Alimentaire:Epicerie                       13.11 EUR

2019-02-20 * "CARTE 19022019 LES PLANCHES" ""
  source: "qif"
  Passif:Boursorama:CBTim                            -42.12 EUR
  Depenses:Alimentaire:Restaurant                     42.12 EUR

2019-02-20 * "CARTE 18022019 MAISON CREPIN" ""
  source: "qif"
  Passif:Boursorama:CBTim                             -8.25 EUR
  Depenses:Alimentaire:Restaurant                      8.25 EUR

2019-02-22 * "CARTE 21022019 79 COMPTOIR DU SIAM" ""
  source: "qif"
  Passif:Boursorama:CBTim                            -64.50 EUR
  Depenses:Alimentaire:Restaurant                     64.50 EUR

2019-02-22 * "CARTE 20022019 LE P'TIT ROUQUIN" ""
  source: "qif"
  Passif:Boursorama:CBTim                            -53.25 EUR
  Depenses:Alimentaire:Restaurant                     53.25 EUR

2019-02-25 * "CARTE 22022019 44 TAN 700 44 NANTE*" ""
  source: "qif"
  Passif:Boursorama:CBTim                            -15.30 EUR
  Depenses:Loisirs:Voyages                            15.30 EUR

2019-02-25 * "CARTE 22022019 44 LA REINE BLANCHE" ""
  source: "qif"
  Passif:Boursorama:CBTim                            -27.60 EUR
  Depenses:Alimentaire:Restaurant                     27.60 EUR

2019-02-25 * "CARTE 24022019 44 BICLOO NM" ""
  source: "qif"
  Passif:Boursorama:CBTim                             -2.00 EUR
  Depenses:Loisirs:Voyages                             2.00 EUR

2019-02-25 * "CARTE 24022019 44 BICLOO NM" ""
  source: "qif"
  Passif:Boursorama:CBTim                             -2.00 EUR
  Depenses:Loisirs:Voyages                             2.00 EUR

2019-02-25 * "CARTE 23022019 44 RVE" ""
  source: "qif"
  Passif:Boursorama:CBTim                            -63.70 EUR
  Depenses:Alimentaire:Restaurant                     63.70 EUR

2019-02-25 * "CARTE 24022019 79 INTERMARCHE DAC VL" ""
  source: "qif"
  Passif:Boursorama:CBTim                            -51.16 EUR
  Depenses:Alimentaire:Epicerie                       51.16 EUR

2019-02-25 * "CARTE 21022019 MAISON CREPIN" ""
  source: "qif"
  Passif:Boursorama:CBTim                             -8.00 EUR
  Depenses:Alimentaire:Restaurant                      8.00 EUR

2019-02-25 * "CARTE 22022019 MAISON CREPIN" ""
  source: "qif"
  Passif:Boursorama:CBTim                             -8.00 EUR
  Depenses:Alimentaire:Restaurant                      8.00 EUR

2019-02-25 * "CARTE 23022019 LA CIGALE" ""
  source: "qif"
  Passif:Boursorama:CBTim                            -32.00 EUR
  Depenses:Alimentaire:Restaurant                     32.00 EUR

2019-02-25 * "CARTE 23022019 DOCK YARD" ""
  source: "qif"
  Passif:Boursorama:CBTim                            -12.30 EUR
  Depenses:Alimentaire:Restaurant                     12.30 EUR

2019-02-25 * "CARTE 24022019 SARL LE BISTRO" ""
  source: "qif"
  Passif:Boursorama:CBTim                            -38.00 EUR
  Depenses:Alimentaire:Restaurant                     38.00 EUR

2019-02-26 * "CARTE 25022019 CARREFOUR MARKET" ""
  source: "qif"
  Passif:Boursorama:CBTim                             -8.20 EUR
  Equity:Opening-Balances                              8.20 EUR

2019-02-27 * "CARTE 25022019 29 MAX GOLDEN FROG" ""
  source: "qif"
  Passif:Boursorama:CBTim                            -10.50 EUR
  Depenses:Abo:Serveur                                10.50 EUR

2019-02-28 * "CARTE 26022019 17 FLOWER EXP CAMPI" ""
  source: "qif"
  Passif:Boursorama:CBTim                           -109.00 EUR
  Depenses:Loisirs:Voyages                           109.00 EUR

2019-02-28 * "CARTE 27022019 CARREFOUR MARKET" ""
  source: "qif"
  Passif:Boursorama:CBTim                             -7.21 EUR
  Depenses:Alimentaire:Epicerie                        7.21 EUR

2019-03-01 * "CARTE 28022019 79 LEMMY" ""
  source: "qif"
  Passif:Boursorama:CBTim                            -12.00 EUR
  Depenses:Alimentaire:Restaurant                     12.00 EUR

2019-03-01 * "CARTE 28022019 79 MC DONALD" ""
  source: "qif"
  Passif:Boursorama:CBTim                            -15.40 EUR
  Depenses:Alimentaire:Restaurant                     15.40 EUR

2019-03-04 * "CARTE 03032019 44 BICLOO NM" ""
  source: "qif"
  Passif:Boursorama:CBTim                             -1.00 EUR
  Depenses:Loisirs:Voyages                             1.00 EUR

2019-03-05 * "CARTE 28022019 LA BESSINOISE" ""
  source: "qif"
  Passif:Boursorama:CBTim                             -9.30 EUR
  Depenses:Alimentaire:Restaurant                      9.30 EUR

2019-03-04 * "CARTE 03032019 44 BICLOO NM" ""
  source: "qif"
  Passif:Boursorama:CBTim                             -1.00 EUR
  Depenses:Loisirs:Voyages                             1.00 EUR

2019-03-05 * "CARTE 02032019 QUICK" ""
  source: "qif"
  Passif:Boursorama:CBTim                            -16.00 EUR
  Depenses:Alimentaire:Restaurant                     16.00 EUR

2019-03-05 * "CARTE 02032019 CASTORAMA       2902628" ""
  source: "qif"
  Passif:Boursorama:CBTim                            -44.54 EUR
  Depenses:Immobilier:Travaux                         44.54 EUR

2019-03-05 * "CARTE 02032019 CASTORAMA       2902628" ""
  source: "qif"
  Passif:Boursorama:CBTim                            -27.06 EUR
  Depenses:Immobilier:Travaux                         27.06 EUR

2019-03-05 * "CARTE 04032019 PICARD SA  0824" ""
  source: "qif"
  Passif:Boursorama:CBTim                            -44.42 EUR
  Depenses:Alimentaire:Epicerie                       44.42 EUR

2019-03-06 * "CARTE 04032019 MAISON CREPIN" ""
  source: "qif"
  Passif:Boursorama:CBTim                             -8.25 EUR
  Depenses:Alimentaire:Restaurant                      8.25 EUR

2019-03-07 * "CARTE 05032019 LA BESSINOISE" ""
  source: "qif"
  Passif:Boursorama:CBTim                             -8.90 EUR
  Depenses:Alimentaire:Restaurant                      8.90 EUR

2019-03-08 * "CARTE 07032019 79 LA BESSINOISE" ""
  source: "qif"
  Passif:Boursorama:CBTim                             -9.20 EUR
  Depenses:Alimentaire:Restaurant                      9.20 EUR

2019-03-12 * "CARTE 09/03/19 29 MAX PAYPAL *SPOTIFY" "Spotify"
  source: "qif"
  Passif:Boursorama:CBTim                             -3.47 EUR
  Depenses:Abo:Musique                                 3.47 EUR

2019-03-12 * "CARTE 11/03/19 79 E.L.G" ""
  source: "qif"
  Passif:Boursorama:CBTim                            -14.00 EUR
  Depenses:Coiffeur                                   14.00 EUR

2019-03-12 * "CARTE 07/03/19 LE GEETHANJALI" ""
  source: "qif"
  Passif:Boursorama:CBTim                            -10.50 EUR
  Depenses:Alimentaire:Restaurant                     10.50 EUR

2019-03-12 * "CARTE 09/03/19 CASTORAMA       2902628" ""
  source: "qif"
  Passif:Boursorama:CBTim                            -68.33 EUR
  Depenses:Immobilier:Travaux                         68.33 EUR

2019-03-12 * "CARTE 11/03/19 CARREFOUR NIORT" ""
  source: "qif"
  Passif:Boursorama:CBTim                            -10.45 EUR
  Depenses:Alimentaire:Epicerie                       10.45 EUR

2019-03-13 * "CARTE 12/03/19 44 REL. BOUGUENAIS" ""
  source: "qif"
  Passif:Boursorama:CBTim                            -26.55 EUR
  Actif:NoteDeFrais                                   26.55 EUR

2019-03-15 * "CARTE 12/03/19 84 ASF-NIORT OUEST" ""
  source: "qif"
  Passif:Boursorama:CBTim                            -10.90 EUR
  Actif:NoteDeFrais                                   10.90 EUR

2019-03-15 * "CARTE 13/03/19 LA BESSINOISE" ""
  source: "qif"
  Passif:Boursorama:CBTim                             -9.50 EUR
  Depenses:Alimentaire:Restaurant                      9.50 EUR

2019-03-19 * "CARTE 18/03/19 35 FAMILEO" ""
  source: "qif"
  Passif:Boursorama:CBTim                             -9.00 EUR
  Depenses:Divers                                      9.00 EUR

2019-03-19 * "CARTE 16/03/19 INTERMARCHE" ""
  source: "qif"
  Passif:Boursorama:CBTim                            -14.30 EUR
  Depenses:Alimentaire:Epicerie                       14.30 EUR

2019-03-19 * "CARTE 16/03/19 INTERMARCHE" ""
  source: "qif"
  Passif:Boursorama:CBTim                             -9.00 EUR
  Depenses:Alimentaire:Epicerie                        9.00 EUR

2019-03-21 * "CARTE 16/03/19 29 MAX PICARD SA 282" ""
  source: "qif"
  Passif:Boursorama:CBTim                            -31.76 EUR
  Depenses:Alimentaire:Epicerie                       31.76 EUR

2019-03-21 * "CARTE 20/03/19 79 L'ADRESSE" ""
  source: "qif"
  Passif:Boursorama:CBTim                            -66.90 EUR
  Actif:NoteDeFrais                                   66.90 EUR

2019-03-21 * "CARTE 19/03/19 MAISON CREPIN" ""
  source: "qif"
  Passif:Boursorama:CBTim                             -8.00 EUR
  Depenses:Alimentaire:Restaurant                      8.00 EUR

2019-03-22 * "CARTE 21/03/19 79 AUBERGE DE CRESPE" ""
  source: "qif"
  Passif:Boursorama:CBTim                            -78.30 EUR
  Actif:NoteDeFrais                                   78.30 EUR

2019-03-25 * "CARTE 22/03/19 33 CULTURA" ""
  source: "qif"
  Passif:Boursorama:CBTim                             -3.81 EUR
  Depenses:Loisirs:Culture                             3.81 EUR

2019-03-25 * "CARTE 23/03/19 SUPER U         9232300" ""
  source: "qif"
  Passif:Boursorama:CBTim                             -3.22 EUR
  Depenses:Alimentaire:Epicerie                        3.22 EUR

2019-03-25 * "CARTE 23/03/19 PICARD SA 282   4212109" ""
  source: "qif"
  Passif:Boursorama:CBTim                             -3.65 EUR
  Depenses:Alimentaire:Epicerie                        3.65 EUR

2019-03-26 * "CARTE 23/03/19 INTERMARCHE" ""
  source: "qif"
  Passif:Boursorama:CBTim                            -21.04 EUR
  Depenses:Alimentaire:Epicerie                       21.04 EUR

2019-03-26 * "CARTE 23/03/19 AMIS DU MARAIS NIOR" ""
  source: "qif"
  Passif:Boursorama:CBTim                            -16.60 EUR
  Depenses:Alimentaire:Epicerie                       16.60 EUR

2019-03-27 * "CARTE 25/03/19 29 MAX GOLDEN FROG" ""
  source: "qif"
  Passif:Boursorama:CBTim                            -10.50 EUR
  Depenses:Abo:Serveur                                10.50 EUR

2019-04-01 * "CARTE 30/03/19 79 DECATHLON 0092" "Préparation Madagascar"
  source: "qif"
  Passif:Boursorama:CBTim                           -101.70 EUR
  Depenses:Loisirs:Voyages                           101.70 EUR

2019-04-01 * "CARTE 28/03/19 MAISON CREPIN" ""
  source: "qif"
  Passif:Boursorama:CBTim                             -8.45 EUR
  Depenses:Alimentaire:Restaurant                      8.45 EUR

2019-04-01 * "CARTE 30/03/19 PICARD SA 282   4212109" ""
  source: "qif"
  Passif:Boursorama:CBTim                            -35.14 EUR
  Depenses:Alimentaire:Epicerie                       35.14 EUR

2019-04-03 * "CARTE 29/03/19 79 LA BESSINOISE" ""
  source: "qif"
  Passif:Boursorama:CBTim                             -8.30 EUR
  Depenses:Alimentaire:Restaurant                      8.30 EUR

2019-04-03 * "CARTE 22/03/19 79 LA BESSINOISE" ""
  source: "qif"
  Passif:Boursorama:CBTim                             -8.10 EUR
  Depenses:Alimentaire:Restaurant                      8.10 EUR

2019-04-01 * "CARTE 30/03/19 79 PHARM DE PARIS" ""
  source: "qif"
  Passif:Boursorama:CBTim                            -30.65 EUR
  Depenses:Sante                                      30.65 EUR

2019-04-05 * "CARTE 04/04/19 39 LA FONTAINE" ""
  source: "qif"
  Passif:Boursorama:CBTim                           -329.24 EUR
  Actif:NoteDeFrais                                  329.24 EUR

2019-04-08 * "CARTE 05/04/19 39 ATELIER ENIL" ""
  source: "qif"
  Passif:Boursorama:CBTim                            -10.60 EUR
  Depenses:Alimentaire:VinsEtAlcool                   10.60 EUR

2019-04-08 * "CARTE 06/04/19 79 PHARM DE PARIS" ""
  source: "qif"
  Passif:Boursorama:CBTim                             -6.20 EUR
  Depenses:Sante                                       6.20 EUR

2019-04-08 * "CARTE 06/04/19 DECATHLON       4219948" ""
  source: "qif"
  Passif:Boursorama:CBTim                             -2.90 EUR
  Depenses:Loisirs:Velos                               2.90 EUR

2019-04-05 * "CARTE 04/04/19 39 BADOZ VINS FROMA" ""
  source: "qif"
  Passif:Boursorama:CBTim                            -29.36 EUR
  Depenses:Alimentaire:Epicerie                       29.36 EUR

2019-04-08 * "CARTE 06/04/19 CASTORAMA       2902628" ""
  source: "qif"
  Passif:Boursorama:CBTim                            -52.75 EUR
  Depenses:Immobilier:Travaux                         52.75 EUR

2019-04-09 * "CARTE 06/04/19 E LECLERC" ""
  source: "qif"
  Passif:Boursorama:CBTim                            -22.17 EUR
  Depenses:Alimentaire:Epicerie                       22.17 EUR

2019-04-09 * "CARTE 07/04/19 INTERMARCHE" ""
  source: "qif"
  Passif:Boursorama:CBTim                             -9.56 EUR
  Depenses:Alimentaire:Epicerie                        9.56 EUR

2019-04-10 * "CARTE 09/04/19 79 PHIE ST FLORENT" ""
  source: "qif"
  Passif:Boursorama:CBTim                             -9.08 EUR
  Depenses:Sante                                       9.08 EUR

2019-04-12 * "CARTE 09/04/19 29 MAX PAYPAL *SPOTIFY" "Spotify"
  source: "qif"
  Passif:Boursorama:CBTim                             -3.47 EUR
  Depenses:Abo:Musique                                 3.47 EUR

2019-04-12 * "CARTE 11/04/19 PHARM DE PARIS" ""
  source: "qif"
  Passif:Boursorama:CBTim                             -3.30 EUR
  Depenses:Sante                                       3.30 EUR

2019-04-15 * "CARTE 12/04/19 79 V AND B" ""
  source: "qif"
  Passif:Boursorama:CBTim                            -24.00 EUR
  Depenses:Alimentaire:VinsEtAlcool                   24.00 EUR

2019-04-15 * "CARTE 13/04/19 75 MGP*LEETCHI.COM" "Cadeau Matthieu Mattera"
  source: "qif"
  Passif:Boursorama:CBTim                            -50.00 EUR
  Depenses:Cadeaux                                    50.00 EUR

2019-04-15 * "CARTE 13/04/19 79 INTERMARCHE DAC VL" ""
  source: "qif"
  Passif:Boursorama:CBTim                            -37.96 EUR
  Depenses:Voitures:Carburant                         37.96 EUR

2019-04-15 * "CARTE 12/04/19 PHARM DE PARIS" ""
  source: "qif"
  Passif:Boursorama:CBTim                             -3.00 EUR
  Depenses:Sante                                       3.00 EUR

2019-04-15 * "CARTE 12/04/19 SB" ""
  source: "qif"
  Passif:Boursorama:CBTim                             -9.90 EUR
  Depenses:Alimentaire:Restaurant                      9.90 EUR

2019-04-15 * "CARTE 11/04/19 MAISON CREPIN" ""
  source: "qif"
  Passif:Boursorama:CBTim                             -9.70 EUR
  Depenses:Alimentaire:Restaurant                      9.70 EUR

2019-04-15 * "CARTE 14/04/19 RELAY 352534SC  4230604" ""
  source: "qif"
  Passif:Boursorama:CBTim                            -10.00 EUR
  Depenses:Loisirs:Culture                            10.00 EUR

2019-04-16 * "CARTE 14/04/19 BUY PARIS DUTY  4701427" ""
  source: "qif"
  Passif:Boursorama:CBTim                            -20.20 EUR
  Depenses:Alimentaire:VinsEtAlcool                   20.20 EUR

2019-04-29 * "CARTE 27/04/19 17 FLOWER EXP CAMPI" ""
  source: "qif"
  Passif:Boursorama:CBTim                           -282.00 EUR
  Depenses:Loisirs:Voyages                           282.00 EUR

2019-04-29 * "CARTE 26/04/19 LE BUS DIRECT" ""
  source: "qif"
  Passif:Boursorama:CBTim                            -46.00 EUR
  Depenses:Loisirs:Voyages                            46.00 EUR

2019-04-29 * "CARTE 27/04/19 LEROY MERLIN SC" ""
  source: "qif"
  Passif:Boursorama:CBTim                           -244.49 EUR
  Depenses:Immobilier:Travaux                        244.49 EUR

2019-04-29 * "CARTE 27/04/19 LEROY MERLIN SC" ""
  source: "qif"
  Passif:Boursorama:CBTim                            -23.70 EUR
  Depenses:Immobilier:Travaux                         23.70 EUR

2019-05-02 * "CARTE 30/04/19 MAISON CREPIN" ""
  source: "qif"
  Passif:Boursorama:CBTim                             -8.00 EUR
  Depenses:Alimentaire:Restaurant                      8.00 EUR

2019-05-07 * "CARTE 02/05/19 MAISON CREPIN" ""
  source: "qif"
  Passif:Boursorama:CBTim                             -5.85 EUR
  Depenses:Alimentaire:Restaurant                      5.85 EUR

2019-05-06 * "CARTE 03/05/19 79 LA BESSINOISE" ""
  source: "qif"
  Passif:Boursorama:CBTim                             -8.30 EUR
  Depenses:Alimentaire:Restaurant                      8.30 EUR

2019-05-07 * "CARTE 05/05/19 PICARD SA  0824" ""
  source: "qif"
  Passif:Boursorama:CBTim                            -52.89 EUR
  Depenses:Alimentaire:Epicerie                       52.89 EUR

2019-05-07 * "CARTE 25/04/19 MG SOFITRANS" "Mada"
  source: "qif"
  Passif:Boursorama:CBTim                             -4.46 EUR
  Depenses:Loisirs:Voyages                             4.46 EUR

2019-05-07 * "CION OP.ETR MG SOFITRANS" ""
  source: "qif"
  Passif:Boursorama:CBTim                             -0.08 EUR
  Depenses:Banque:Frais                                0.08 EUR

2019-05-10 * "CARTE 09/05/19 79 LA BESSINOISE" ""
  source: "qif"
  Passif:Boursorama:CBTim                             -8.70 EUR
  Depenses:Alimentaire:Restaurant                      8.70 EUR

2019-05-10 * "CARTE 07/05/19 BREIZH'NAD" ""
  source: "qif"
  Passif:Boursorama:CBTim                            -18.00 EUR
  Depenses:Alimentaire:Restaurant                     18.00 EUR

2019-05-13 * "CARTE 10/05/19 79 ANGE" ""
  source: "qif"
  Passif:Boursorama:CBTim                             -4.95 EUR
  Depenses:Alimentaire:Epicerie                        4.95 EUR

2019-05-13 * "CARTE 09/05/19 29 MAX PAYPAL *SPOTIFY" "Spotify"
  source: "qif"
  Passif:Boursorama:CBTim                             -3.48 EUR
  Depenses:Abo:Musique                                 3.48 EUR

2019-05-13 * "CARTE 11/05/19 LEROY MERLIN SC" ""
  source: "qif"
  Passif:Boursorama:CBTim                             -8.45 EUR
  Depenses:Immobilier:Travaux                          8.45 EUR

2019-05-13 * "CARTE 11/05/19 LEROY MERLIN SC" ""
  source: "qif"
  Passif:Boursorama:CBTim                           -115.70 EUR
  Depenses:Immobilier:Travaux                        115.70 EUR

2019-05-13 * "CARTE 11/05/19 LEROY MERLIN SC" ""
  source: "qif"
  Passif:Boursorama:CBTim                            -20.70 EUR
  Depenses:Immobilier:Travaux                         20.70 EUR

2019-05-15 * "CARTE 14/05/19 79 E.L.G" "Coiffeur"
  source: "qif"
  Passif:Boursorama:CBTim                            -17.00 EUR
  Depenses:Coiffeur                                   17.00 EUR

2019-05-15 * "CARTE 14/05/19 MC DONALD       4317004" ""
  source: "qif"
  Passif:Boursorama:CBTim                            -19.40 EUR
  Depenses:Alimentaire:Restaurant                     19.40 EUR

2019-05-17 * "CARTE 16/05/19 79 LEMMY" ""
  source: "qif"
  Passif:Boursorama:CBTim                             -8.50 EUR
  Depenses:Alimentaire:Restaurant                      8.50 EUR

2019-05-17 * "CARTE 15/05/19 COMPTOIR DU PELICAN" ""
  source: "qif"
  Passif:Boursorama:CBTim                            -16.50 EUR
  Depenses:Alimentaire:Restaurant                     16.50 EUR

2019-05-20 * "CARTE 18/05/19 79 INTERMARCHE DAC VL" ""
  source: "qif"
  Passif:Boursorama:CBTim                            -57.01 EUR
  Depenses:Voitures:Carburant                         57.01 EUR

2019-05-20 * "CARTE 16/05/19 MAISON CREPIN" ""
  source: "qif"
  Passif:Boursorama:CBTim                             -8.45 EUR
  Depenses:Alimentaire:Restaurant                      8.45 EUR

2019-05-20 * "CARTE 18/05/19 LEROY MERLIN SC" ""
  source: "qif"
  Passif:Boursorama:CBTim                            -42.70 EUR
  Depenses:Immobilier:Travaux                         42.70 EUR

2019-05-21 * "CARTE 20/05/19 PHARM DE PARIS" ""
  source: "qif"
  Passif:Boursorama:CBTim                            -30.70 EUR
  Depenses:Sante                                      30.70 EUR

2019-05-21 * "CARTE 19/05/19 INTERMARCHE" ""
  source: "qif"
  Passif:Boursorama:CBTim                             -5.57 EUR
  Depenses:Alimentaire:Epicerie                        5.57 EUR

2019-05-23 * "CARTE 22/05/19 79 LA BESSINOISE" ""
  source: "qif"
  Passif:Boursorama:CBTim                             -8.10 EUR
  Depenses:Alimentaire:Restaurant                      8.10 EUR

2019-05-24 * "CARTE 21/05/19 MAISON CREPIN" ""
  source: "qif"
  Passif:Boursorama:CBTim                             -8.00 EUR
  Depenses:Alimentaire:Restaurant                      8.00 EUR

2019-05-27 * "CARTE 25/05/19 84 ASF-BIGNON" ""
  source: "qif"
  Passif:Boursorama:CBTim                            -10.90 EUR
  Actif:NoteDeFrais                                   10.90 EUR

2019-05-29 * "CARTE 28/05/19 84 ASF-NIORT OUEST" ""
  source: "qif"
  Passif:Boursorama:CBTim                            -10.90 EUR
  Actif:NoteDeFrais                                   10.90 EUR

2019-05-29 * "CARTE 25/05/19 GB GATE GROUP INFLIGHT" ""
  source: "qif"
  Passif:Boursorama:CBTim                            -12.00 EUR
  Actif:NoteDeFrais                                   12.00 EUR

2019-05-29 * "CION OP.ETR IL CHNYON HACHOF" ""
  source: "qif"
  Passif:Boursorama:CBTim                             -0.09 EUR
  Depenses:Banque:Frais                                0.09 EUR

2019-05-29 * "CARTE 26/05/19 IL CHNYON HACHOF" ""
  source: "qif"
  Passif:Boursorama:CBTim                             -4.98 EUR
  Actif:NoteDeFrais                                    4.98 EUR

2019-05-31 * "CARTE 28/05/19 AEROPORT GDOUEST" ""
  source: "qif"
  Passif:Boursorama:CBTim                            -59.90 EUR
  Actif:NoteDeFrais                                   59.90 EUR

2019-05-31 * "CARTE 29/05/19 INTERMARCHE" ""
  source: "qif"
  Passif:Boursorama:CBTim                            -71.93 EUR
  Depenses:Alimentaire:Epicerie                       71.93 EUR

2019-06-03 * "CARTE 31/05/19 17 CORNER DU MOLE" ""
  source: "qif"
  Passif:Boursorama:CBTim                            -69.00 EUR
  Depenses:Alimentaire:Restaurant                     69.00 EUR

2019-06-05 * "CARTE 04/06/19 79 LA BESSINOISE" ""
  source: "qif"
  Passif:Boursorama:CBTim                             -9.50 EUR
  Depenses:Alimentaire:Restaurant                      9.50 EUR

2019-06-05 * "CARTE 03/06/19 MAISON CREPIN" ""
  source: "qif"
  Passif:Boursorama:CBTim                             -8.00 EUR
  Depenses:Alimentaire:Restaurant                      8.00 EUR

2019-06-11 * "CARTE 09/06/19 29 MAX PAYPAL *SPOTIFY" "Spotify"
  source: "qif"
  Passif:Boursorama:CBTim                             -3.48 EUR
  Depenses:Abo:Musique                                 3.48 EUR

2019-06-11 * "CARTE 10/06/19 LEROY MERLIN SC" ""
  source: "qif"
  Passif:Boursorama:CBTim                            -98.56 EUR
  Depenses:Immobilier:Travaux                         98.56 EUR

2019-06-12 * "CARTE 11/06/19 PHARM DE PARIS" ""
  source: "qif"
  Passif:Boursorama:CBTim                            -17.05 EUR
  Depenses:Sante                                      17.05 EUR

2019-06-17 * "CARTE 15/06/19 LEROY MERLIN SC" ""
  source: "qif"
  Passif:Boursorama:CBTim                            -27.86 EUR
  Depenses:Immobilier:Travaux                         27.86 EUR

2019-06-17 * "CARTE 14/06/19 BREIZH'NAD" ""
  source: "qif"
  Passif:Boursorama:CBTim                            -39.90 EUR
  Depenses:Alimentaire:Restaurant                     39.90 EUR

2019-06-17 * "CARTE 12/06/19 GB GATE GROUP INFLIGHT" ""
  source: "qif"
  Passif:Boursorama:CBTim                             -3.00 EUR
  Actif:NoteDeFrais                                    3.00 EUR

2019-06-24 * "CARTE 22/06/19 79 FROMAGES DE SYL" ""
  source: "qif"
  Passif:Boursorama:CBTim                            -12.79 EUR
  Depenses:Alimentaire:Epicerie                       12.79 EUR

2019-06-24 * "CARTE 21/06/19 79 EFFIA" ""
  source: "qif"
  Passif:Boursorama:CBTim                            -38.40 EUR
  Actif:NoteDeFrais                                   38.40 EUR

2019-06-24 * "CARTE 22/06/19 79 DIEUMEGARD RAPHAEL" ""
  source: "qif"
  Passif:Boursorama:CBTim                            -33.07 EUR
  Depenses:Alimentaire:Epicerie                       33.07 EUR

2019-06-24 * "CARTE 22/06/19 LEROY MERLIN SC" ""
  source: "qif"
  Passif:Boursorama:CBTim                           -279.09 EUR
  Depenses:Immobilier:Travaux                        279.09 EUR

2019-06-24 * "CARTE 21/06/19 SELECTA TGV2 RCG" ""
  source: "qif"
  Passif:Boursorama:CBTim                             -3.00 EUR
  Depenses:Alimentaire:Restaurant                      3.00 EUR

2019-06-25 * "CARTE 22/06/19 INTERMARCHE" ""
  source: "qif"
  Passif:Boursorama:CBTim                            -53.25 EUR
  Depenses:Voitures:Carburant                         53.25 EUR

2019-06-27 * "CARTE 25/06/19 BOULANGERIE CREPIN" ""
  source: "qif"
  Passif:Boursorama:CBTim                             -8.65 EUR
  Depenses:Alimentaire:Restaurant                      8.65 EUR

2019-06-28 * "CARTE 26/06/19 INTERMARCHE" ""
  source: "qif"
  Passif:Boursorama:CBTim                             -8.78 EUR
  Depenses:Alimentaire:Epicerie                        8.78 EUR

2019-06-28 * "CARTE 26/06/19 BOULANGERIE CREPIN" ""
  source: "qif"
  Passif:Boursorama:CBTim                             -8.10 EUR
  Depenses:Alimentaire:Restaurant                      8.10 EUR

2019-07-01 * "CARTE 27/06/19 BOULANGERIE CREPIN" ""
  source: "qif"
  Passif:Boursorama:CBTim                            -13.70 EUR
  Depenses:Alimentaire:Restaurant                     13.70 EUR

2019-07-01 * "CARTE 28/06/19 BOULANGERIE CREPIN" ""
  source: "qif"
  Passif:Boursorama:CBTim                            -12.20 EUR
  Depenses:Alimentaire:Restaurant                     12.20 EUR

2019-07-02 * "CARTE 29/06/19 E LECLERC" ""
  source: "qif"
  Passif:Boursorama:CBTim                            -35.84 EUR
  Depenses:Alimentaire:Epicerie                       35.84 EUR

2019-07-02 * "CARTE 30/06/19 INTERMARCHE" ""
  source: "qif"
  Passif:Boursorama:CBTim                             -3.82 EUR
  Depenses:Alimentaire:Epicerie                        3.82 EUR

2019-07-04 * "CARTE 02/07/19 BOULANGERIE CREPIN" ""
  source: "qif"
  Passif:Boursorama:CBTim                             -7.90 EUR
  Depenses:Alimentaire:Restaurant                      7.90 EUR

2019-07-01 * "CARTE 29/06/19 CASTORAMA       2902628" ""
  source: "qif"
  Passif:Boursorama:CBTim                            -41.60 EUR
  Depenses:Immobilier:Travaux                         41.60 EUR

2019-07-08 * "CARTE 05/07/19 44 AEROPORT GDOUEST" ""
  source: "qif"
  Passif:Boursorama:CBTim                            -66.40 EUR
  Actif:NoteDeFrais                                   66.40 EUR

2019-07-08 * "CARTE 05/07/19 79 E LECLERC DAC VL" ""
  source: "qif"
  Passif:Boursorama:CBTim                            -54.02 EUR
  Depenses:Voitures:Carburant                         54.02 EUR

2019-07-08 * "CARTE 07/07/19 84 ASF-BIGNON" ""
  source: "qif"
  Passif:Boursorama:CBTim                            -10.90 EUR
  Actif:NoteDeFrais                                   10.90 EUR

2019-07-08 * "CARTE 04/07/19 BOULANGERIE CREPIN" ""
  source: "qif"
  Passif:Boursorama:CBTim                             -8.55 EUR
  Depenses:Alimentaire:Restaurant                      8.55 EUR

2019-07-08 * "CARTE 07/07/19 SELECTA AIRPORTC" ""
  source: "qif"
  Passif:Boursorama:CBTim                             -2.00 EUR
  Depenses:Alimentaire:Restaurant                      2.00 EUR

2019-07-08 * "CARTE 07/07/19 SELECTA AIRPORTC" ""
  source: "qif"
  Passif:Boursorama:CBTim                             -2.50 EUR
  Depenses:Alimentaire:Restaurant                      2.50 EUR

2019-07-08 * "CARTE 07/07/19 KIOSQUE         4896665" ""
  source: "qif"
  Passif:Boursorama:CBTim                             -9.10 EUR
  Depenses:Divers                                      9.10 EUR

2019-07-09 * "CARTE 06/07/19 INTERMARCHE" ""
  source: "qif"
  Passif:Boursorama:CBTim                             -1.99 EUR
  Depenses:Alimentaire:Epicerie                        1.99 EUR

2019-07-11 * "CARTE 09/07/19 29 MAX PAYPAL *SPOTIFY" "Spotify"
  source: "qif"
  Passif:Boursorama:CBTim                             -3.52 EUR
  Depenses:Abo:Musique                                 3.52 EUR

2019-07-12 * "CARTE 11/07/19 44 VORWERK FRANCE" ""
  source: "qif"
  Passif:Boursorama:CBTim                           -433.00 EUR
  Depenses:Loisirs:Gadgets                           433.00 EUR

2019-07-12 * "CARTE 10/07/19 84 ASF-NIORT OUEST" ""
  source: "qif"
  Passif:Boursorama:CBTim                            -10.90 EUR
  Actif:NoteDeFrais                                   10.90 EUR

2019-07-15 * "CARTE 11/07/19 79 OX LOISIRS" ""
  source: "qif"
  Passif:Boursorama:CBTim                            -18.00 EUR
  Depenses:Alimentaire:VinsEtAlcool                   18.00 EUR

2019-07-15 * "CARTE 13/07/19 79 INTERMARCHE" ""
  source: "qif"
  Passif:Boursorama:CBTim                            -17.90 EUR
  Depenses:Alimentaire:Epicerie                       17.90 EUR

2019-07-15 * "CARTE 11/07/19 OX LOISIRS" ""
  source: "qif"
  Passif:Boursorama:CBTim                            -10.55 EUR
  Depenses:Alimentaire:VinsEtAlcool                   10.55 EUR

2019-07-16 * "CARTE 13/07/19 INTERMARCHE" ""
  source: "qif"
  Passif:Boursorama:CBTim                             -4.17 EUR
  Depenses:Alimentaire:Epicerie                        4.17 EUR

2019-07-16 * "CARTE 13/07/19 E LECLERC" ""
  source: "qif"
  Passif:Boursorama:CBTim                            -20.08 EUR
  Depenses:Alimentaire:Epicerie                       20.08 EUR

2019-07-17 * "CARTE 16/07/19 CARREFOUR NIORT" ""
  source: "qif"
  Passif:Boursorama:CBTim                             -5.95 EUR
  Depenses:Alimentaire:Epicerie                        5.95 EUR

2019-07-17 * "CARTE 16/07/19 E.L.G" "Coiffeur"
  source: "qif"
  Passif:Boursorama:CBTim                            -17.00 EUR
  Depenses:Coiffeur                                   17.00 EUR

2019-07-17 * "CARTE 16/07/19 AU BON CRU" ""
  source: "qif"
  Passif:Boursorama:CBTim                             -6.00 EUR
  Depenses:Alimentaire:VinsEtAlcool                    6.00 EUR

2019-07-18 * "CARTE 17/07/19 79 LA BESSINOISE" ""
  source: "qif"
  Passif:Boursorama:CBTim                             -8.90 EUR
  Depenses:Alimentaire:Restaurant                      8.90 EUR

2019-07-19 * "CARTE 18/07/19 PHARM DE PARIS" ""
  source: "qif"
  Passif:Boursorama:CBTim                             -3.00 EUR
  Depenses:Sante                                       3.00 EUR

2019-07-22 * "CARTE 18/07/19 INTERMARCHE" ""
  source: "qif"
  Passif:Boursorama:CBTim                            -11.95 EUR
  Depenses:Alimentaire:Epicerie                       11.95 EUR

2019-07-22 * "CARTE 20/07/19 LEROY MERLIN SC" ""
  source: "qif"
  Passif:Boursorama:CBTim                           -105.80 EUR
  Depenses:Immobilier:Travaux                        105.80 EUR

2019-07-22 * "CARTE 20/07/19 LEROY MERLIN SC" ""
  source: "qif"
  Passif:Boursorama:CBTim                            -14.99 EUR
  Depenses:Immobilier:Travaux                         14.99 EUR

2019-07-23 * "CARTE 21/07/19 INTERMARCHE" ""
  source: "qif"
  Passif:Boursorama:CBTim                            -15.44 EUR
  Depenses:Alimentaire:Epicerie                       15.44 EUR

2019-07-24 * "CARTE 22/07/19 BOULANGERIE CREPIN" ""
  source: "qif"
  Passif:Boursorama:CBTim                             -8.35 EUR
  Depenses:Alimentaire:Restaurant                      8.35 EUR

2019-07-26 * "CARTE 24/07/19 BOULANGERIE CREPIN" ""
  source: "qif"
  Passif:Boursorama:CBTim                             -8.60 EUR
  Depenses:Alimentaire:Restaurant                      8.60 EUR

1981-02-07 custom "fava-option" "insert-entry" "Passif:Boursorama:CBTim"


*** Visa Compte Joint

2010-03-03 open   Passif:Boursorama:CBJoint                 EUR
2010-03-04 pad    Passif:Boursorama:CBJoint  Equity:Opening-Balances

;2018-12-31 balance  Passif:Boursorama:CBJoint         63.28 EUR

2019-01-02 * "CARTE 31122018 75 LA POSTE BOUTIQU" ""
  source: "qif"
  Passif:Boursorama:CBJoint                           -7.00 EUR
  Depenses:Divers                                      7.00 EUR

2019-01-03 * "CARTE 02012019 E.LECLERC WEB" ""
  source: "qif"
  Passif:Boursorama:CBJoint                          -49.03 EUR
  Depenses:Alimentaire:Epicerie                       49.03 EUR

2019-01-09 * "CARTE 08012019 E.LECLERC WEB" ""
  source: "qif"
  Passif:Boursorama:CBJoint                          -68.60 EUR
  Depenses:Alimentaire:Epicerie                       68.60 EUR

2019-01-17 * "CARTE 16012019 E.LECLERC WEB" ""
  source: "qif"
  Passif:Boursorama:CBJoint                          -76.72 EUR
  Depenses:Alimentaire:Epicerie                       76.72 EUR

2019-01-24 * "CARTE 22012019 E.LECLERC WEB" ""
  source: "qif"
  Passif:Boursorama:CBJoint                          -59.53 EUR
  Depenses:Alimentaire:Epicerie                       59.53 EUR

2019-02-07 * "CARTE 06022019 E.LECLERC WEB" ""
  source: "qif"
  Passif:Boursorama:CBJoint                          -95.56 EUR
  Depenses:Alimentaire:Epicerie                       95.56 EUR

2019-02-01 * "CARTE 30012019 E.LECLERC WEB" ""
  source: "qif"
  Passif:Boursorama:CBJoint                          -58.76 EUR
  Depenses:Alimentaire:Epicerie                       58.76 EUR

2019-02-14 * "CARTE 13022019 E.LECLERC WEB" ""
  source: "qif"
  Passif:Boursorama:CBJoint                          -37.82 EUR
  Depenses:Alimentaire:Epicerie                       37.82 EUR

2019-02-28 * "CARTE 27022019 E.LECLERC WEB" ""
  source: "qif"
  Passif:Boursorama:CBJoint                          -68.76 EUR
  Depenses:Alimentaire:Epicerie                       68.76 EUR

2019-03-08 * "CARTE 07032019 E.LECLERC WEB" ""
  source: "qif"
  Passif:Boursorama:CBJoint                          -87.25 EUR
  Depenses:Alimentaire:Epicerie                       87.25 EUR

2019-03-13 * "CARTE 12/03/19 44 REL. BOUGUENAIS" ""
  source: "qif"
  Passif:Boursorama:CBJoint                          -37.66 EUR
  Actif:NoteDeFrais                                   37.66 EUR

2019-03-14 * "CARTE 13/03/19 E.LECLERC WEB" ""
  source: "qif"
  Passif:Boursorama:CBJoint                          -88.69 EUR
  Depenses:Alimentaire:Epicerie                       88.69 EUR

2019-03-15 * "CARTE 12/03/19 84 ASF-BIGNON" ""
  source: "qif"
  Passif:Boursorama:CBJoint                          -10.90 EUR
  Actif:NoteDeFrais                                   10.90 EUR

2019-03-20 * "CARTE 19/03/19 E.LECLERC WEB" ""
  source: "qif"
  Passif:Boursorama:CBJoint                          -66.07 EUR
  Depenses:Alimentaire:Epicerie                       66.07 EUR

2019-04-29 * "CARTE 26/04/19 E.LECLERC WEB" ""
  source: "qif"
  Passif:Boursorama:CBJoint                          -98.57 EUR
  Depenses:Alimentaire:Epicerie                       98.57 EUR

2019-03-27 * "CARTE 26/03/19 E.LECLERC WEB" ""
  source: "qif"
  Passif:Boursorama:CBJoint                          -93.15 EUR
  Depenses:Alimentaire:Epicerie                       93.15 EUR

2019-05-07 * "CARTE 02/05/19 E.LECLERC WEB" ""
  source: "qif"
  Passif:Boursorama:CBJoint                          -98.29 EUR
  Depenses:Alimentaire:Epicerie                       98.29 EUR

2019-05-10 * "CARTE 08/05/19 E.LECLERC WEB" ""
  source: "qif"
  Passif:Boursorama:CBJoint                          -68.82 EUR
  Depenses:Alimentaire:Epicerie                       68.82 EUR

2019-05-16 * "CARTE 15/05/19 E.LECLERC WEB" ""
  source: "qif"
  Passif:Boursorama:CBJoint                         -116.23 EUR
  Depenses:Alimentaire:Epicerie                      116.23 EUR

2019-05-23 * "CARTE 22/05/19 E.LECLERC WEB" ""
  source: "qif"
  Passif:Boursorama:CBJoint                          -60.05 EUR
  Depenses:Alimentaire:Epicerie                       60.05 EUR

2019-06-04 * "CARTE 02/06/19 E.LECLERC WEB" ""
  source: "qif"
  Passif:Boursorama:CBJoint                          -80.96 EUR
  Depenses:Alimentaire:Epicerie                       80.96 EUR

2019-06-13 * "CARTE 12/06/19 E.LECLERC WEB" ""
  source: "qif"
  Passif:Boursorama:CBJoint                          -93.75 EUR
  Depenses:Alimentaire:Epicerie                       93.75 EUR

2019-06-07 * "CARTE 06/06/19 E.LECLERC WEB" ""
  source: "qif"
  Passif:Boursorama:CBJoint                          -79.77 EUR
  Depenses:Alimentaire:Epicerie                       79.77 EUR

2019-06-20 * "CARTE 19/06/19 E.LECLERC WEB" ""
  source: "qif"
  Passif:Boursorama:CBJoint                          -98.41 EUR
  Depenses:Alimentaire:Epicerie                       98.41 EUR

2019-06-27 * "CARTE 26/06/19 E.LECLERC WEB" ""
  source: "qif"
  Passif:Boursorama:CBJoint                          -81.92 EUR
  Depenses:Alimentaire:Epicerie                       81.92 EUR

2019-07-15 * "CARTE 13/07/19 79 INTERMARCHE" ""
  source: "qif"
  Passif:Boursorama:CBJoint                           -8.85 EUR
  Depenses:Alimentaire:Epicerie                        8.85 EUR

2019-07-15 * "CARTE 12/07/19 E.LECLERC WEB" ""
  source: "qif"
  Passif:Boursorama:CBJoint                          -70.85 EUR
  Depenses:Alimentaire:Epicerie                       70.85 EUR

2019-07-17 * "CARTE 17/07/19 79 LES PLANCHES" ""
  source: "qif"
  Passif:Boursorama:CBJoint                          -64.55 EUR
  Depenses:Alimentaire:Restaurant                     64.55 EUR

2019-07-22 * "CARTE 20/07/19 E.LECLERC WEB" ""
  source: "qif"
  Passif:Boursorama:CBJoint                          -38.67 EUR
  Depenses:Alimentaire:Epicerie                       38.67 EUR

2019-07-26 * "CARTE 25/07/19 79 MC DONALD" ""
  source: "qif"
  Passif:Boursorama:CBJoint                          -19.00 EUR
  Depenses:Alimentaire:Restaurant                     19.00 EUR

2019-07-26 * "CARTE 25/07/19 E.LECLERC WEB" ""
  source: "qif"
  Passif:Boursorama:CBJoint                          -32.90 EUR
  Depenses:Alimentaire:Epicerie                       32.90 EUR

2019-07-29 * "CARTE 26/07/19 79 CARREFOUR DAC" ""
  source: "qif"
  Passif:Boursorama:CBJoint                          -52.00 EUR
  Depenses:Voitures:Carburant                         52.00 EUR

2019-08-19 balance  Passif:Boursorama:CBJoint             0 EUR

1981-02-07 custom "fava-option" "insert-entry" "Passif:Boursorama:CBJoint"

*** Amex Compte Tim

2010-03-03 open   Passif:AirFrance:Amex                     EUR
2010-03-04 pad    Passif:AirFrance:Amex  Equity:Opening-Balances

2017-12-11 * "PAYPAL*DICTUM GMBH 35314369001" "Couteau Felix"
  source: "pdfamex"
  type: "Credit"
  Depenses:Cadeaux
  Passif:AirFrance:Amex                             -108.95 EUR

2017-12-12 * "AMAZON EU SARL GUYANCOURT" ""
  source: "pdfamex"
  type: "Credit"
  Depenses:A-CLASSER
  Passif:AirFrance:Amex                              -16.27 EUR

2017-12-12 * "L ADRESS BESSINES" ""
  source: "pdfamex"
  type: "Credit"
  Actif:NoteDeFrais
  Passif:AirFrance:Amex                             -154.00 EUR

2017-12-13 * "PRELEVEMENT AUTOMATIQUE ENREGISTRE-MERCI" ""
  source: "pdfamex"
  type: "Débit"
  Actif:Boursorama:CCTim
  Passif:AirFrance:Amex                             1488.77 EUR

2017-12-16 * "CASTORAMA NIORT NIORT" ""
  source: "pdfamex"
  type: "Credit"
  Depenses:Immobilier:Travaux
  Passif:AirFrance:Amex                              -78.99 EUR

2017-12-18 * "GOOGLE *GOOGLE STORAGE G.CO/HELPPAY#" ""
  source: "pdfamex"
  type: "Credit"
  Depenses:Abo:Serveur
  Passif:AirFrance:Amex                               -1.99 EUR

2017-12-23 * "CASTORAMA NIORT NIORT" ""
  source: "pdfamex"
  type: "Credit"
  Depenses:Immobilier:Travaux
  Passif:AirFrance:Amex                              -75.65 EUR

2017-12-12 * "PAYPAL*CDISCOUNTSA 35314369001" ""
  source: "pdfamex"
  type: "Credit"
  Depenses:Loisirs:Gadgets
  Passif:AirFrance:Amex                              -48.20 EUR

2017-12-24 * "AMAZON PAYMENT EUROPE LUXEMBOURG" ""
  source: "pdfamex"
  type: "Credit"
  Depenses:Loisirs:Gadgets
  Passif:AirFrance:Amex                              -14.99 EUR

2017-12-28 * "GEANT CASINO NIORT" ""
  source: "pdfamex"
  type: "Credit"
  Depenses:Alimentaire:Epicerie
  Passif:AirFrance:Amex                             -107.65 EUR

2018-01-01 * "GOOGLE *SVCSAPPS_FAMIL G.CO/HELPPAY#" ""
  source: "pdfamex"
  type: "Credit"
  Depenses:Abo:Serveur
  Passif:AirFrance:Amex                              -39.92 EUR

2018-01-06 * "CASTORAMA NIORT NIORT" ""
  source: "pdfamex"
  type: "Credit"
  Depenses:Immobilier:Travaux
  Passif:AirFrance:Amex                              -39.77 EUR

2018-01-09 balance Passif:AirFrance:Amex  -695.6299999999999954525264911353588104248046875 EUR
  source: "pdfamex"

2018-01-04 * "ADLPARTNER MONTREUIL" ""
  source: "pdfamex"
  type: "Credit"
  Depenses:Loisirs:Culture
  Passif:AirFrance:Amex                               -9.25 EUR

2018-01-12 * "PRELEVEMENT AUTOMATIQUE ENREGISTRE-MERCI" ""
  source: "pdfamex"
  type: "Débit"
  Actif:Boursorama:CCTim
  Passif:AirFrance:Amex                              695.63 EUR

2018-01-13 * "BIP & GO SAS ISSY" ""
  source: "pdfamex"
  type: "Credit"
  Depenses:Voitures:Peages
  Passif:AirFrance:Amex                              -29.80 EUR

2018-01-14 * "ALI*ALIEXPRESS ALIPAY SINGAPORE 5.17" ""
  source: "pdfamex"
  type: "Credit"
  Depenses:Loisirs:Gadgets
  Passif:AirFrance:Amex                               -4.41 EUR

2018-01-14 * "PICARD 824NIORT 824 NIORT" ""
  source: "pdfamex"
  type: "Credit"
  Depenses:Alimentaire:Epicerie
  Passif:AirFrance:Amex                              -19.55 EUR

2018-01-17 * "KIOSQUE BRIOCHE DOREE 2 ROISSY EN FRANC" ""
  source: "pdfamex"
  type: "Credit"
  Actif:NoteDeFrais
  Passif:AirFrance:Amex                              -20.20 EUR

2018-01-17 * "KIOSQUE BRIOCHE DOREE 2 ROISSY EN FRANC" ""
  source: "pdfamex"
  type: "Credit"
  Actif:NoteDeFrais
  Passif:AirFrance:Amex                               -7.30 EUR

2018-01-18 * "Shell 328140 SHELL Avia Praha 798.50" ""
  source: "pdfamex"
  type: "Credit"
  Actif:NoteDeFrais
  Passif:AirFrance:Amex                              -32.34 EUR

2018-01-22 * "HOTEL U ZLATEHO LVA HAVLICKUV BRO" ""
  source: "pdfamex"
  type: "Credit"
  Actif:NoteDeFrais
  Passif:AirFrance:Amex                             -120.08 EUR

2018-01-22 * "CY PRAGUE AIRPORT PRAGUE" ""
  source: "pdfamex"
  type: "Credit"
  Actif:NoteDeFrais
  Passif:AirFrance:Amex                             -410.26 EUR

2018-01-22 * "AMAZON EU SARL GUYANCOURT" ""
  source: "pdfamex"
  type: "Credit"
  Depenses:A-CLASSER
  Passif:AirFrance:Amex                               -9.04 EUR

2018-01-22 * "AMAZON PAYMENT EUROPE LUXEMBOURG" "MAC - Adaptateur NVME"
  source: "pdfamex"
  type: "Credit"
  Depenses:A-CLASSER
  Passif:AirFrance:Amex                               -8.62 EUR

2018-01-22 * "AMAZON EU SARL GUYANCOURT" "MAC - SSDNVME"
  source: "pdfamex"
  type: "Credit"
  Depenses:A-CLASSER
  Passif:AirFrance:Amex                             -227.95 EUR

2018-01-22 * "AMAZON EU SARL GUYANCOURT" ""
  source: "pdfamex"
  type: "Credit"
  Depenses:A-CLASSER
  Passif:AirFrance:Amex                              -10.54 EUR

2018-01-22 * "AMAZON PAYMENT EUROPE LUXEMBOURG" "Batterie Raspberry"
  source: "pdfamex"
  type: "Credit"
  Depenses:Loisirs:Gadgets
  Passif:AirFrance:Amex                              -15.66 EUR

2018-01-23 * "AMAZON PAYMENT EUROPE LUXEMBOURG" "MAC - Dock disque pour backup"
  source: "pdfamex"
  type: "Credit"
  Depenses:Loisirs:Gadgets
  Passif:AirFrance:Amex                              -36.94 EUR

2018-01-27 * "CASTORAMA NIORT NIORT" ""
  source: "pdfamex"
  type: "Credit"
  Depenses:Immobilier:Travaux
  Passif:AirFrance:Amex                              -58.45 EUR

2018-01-18 * "GOOGLE *GOOGLE STORAGE G.CO/HELPPAY#" ""
  source: "pdfamex"
  type: "Credit"
  Depenses:Abo:Serveur
  Passif:AirFrance:Amex                               -1.99 EUR

2018-01-27 * "CASTORAMA NIORT NIORT" ""
  source: "pdfamex"
  type: "Credit"
  Depenses:Immobilier:Travaux
  Passif:AirFrance:Amex                             -225.70 EUR

2018-02-01 * "GOOGLE *SVCSAPPS_FAMIL G.CO/HELPPAY#" ""
  source: "pdfamex"
  type: "Credit"
  Depenses:Abo:Serveur
  Passif:AirFrance:Amex                              -42.72 EUR

2018-02-01 * "AMA EU SARL PRIME_NEW LUXEMBOURG" "Amazon Prime"
  source: "pdfamex"
  type: "Credit"
  Depenses:Loisirs:Gadgets
  Passif:AirFrance:Amex                              -49.00 EUR

2018-02-03 * "DARTY NIORT NIORT" ""
  source: "pdfamex"
  type: "Credit"
  Depenses:Equipement
  Passif:AirFrance:Amex                              -19.99 EUR

2018-02-03 * "CASTORAMA NIORT NIORT" ""
  source: "pdfamex"
  type: "Credit"
  Depenses:Immobilier:Travaux
  Passif:AirFrance:Amex                              -52.90 EUR

2018-02-07 * "ADLPARTNER MONTREUIL" ""
  source: "pdfamex"
  type: "Credit"
  Depenses:Loisirs:Culture
  Passif:AirFrance:Amex                               -9.84 EUR

2018-02-07 * "BAR 120 4232 - T1 MISSISSAUGA 69.14" ""
  source: "pdfamex"
  type: "Credit"
  Actif:NoteDeFrais
  Passif:AirFrance:Amex                              -46.06 EUR

2018-02-08 balance Passif:AirFrance:Amex           -1459.34 EUR
  source: "pdfamex"

2018-02-08 * "DAYS INN AND SUITES LINDSAY 169.44" ""
  source: "pdfamex"
  type: "Credit"
  Actif:NoteDeFrais
  Passif:AirFrance:Amex                             -112.90 EUR

2018-02-09 * "TIM HORTONS #3502# QP ST HYACINTHE 14.29" ""
  source: "pdfamex"
  type: "Credit"
  Actif:NoteDeFrais
  Passif:AirFrance:Amex                               -9.53 EUR

2018-02-09 * "HOTEL ZERO 1 MONTREAL 187.19" ""
  source: "pdfamex"
  type: "Credit"
  Actif:NoteDeFrais
  Passif:AirFrance:Amex                             -124.96 EUR

2018-02-09 * "UBER *ISQTY HELP.UBER.COM 40.12" ""
  source: "pdfamex"
  type: "Credit"
  Actif:NoteDeFrais
  Passif:AirFrance:Amex                              -26.77 EUR

2018-02-12 * "PRELEVEMENT AUTOMATIQUE ENREGISTRE-MERCI" ""
  source: "pdfamex"
  type: "Débit"
  Actif:Boursorama:CCTim
  Passif:AirFrance:Amex                             1459.34 EUR

2018-02-12 * "AMAZON PAYMENT EUROPE LUXEMBOURG" ""
  source: "pdfamex"
  type: "Credit"
  Depenses:Loisirs:Gadgets
  Passif:AirFrance:Amex                              -67.98 EUR

2018-02-13 * "IBIS AIRPORT CDG ACCOR ROISSY CH DE GA" ""
  source: "pdfamex"
  type: "Credit"
  Actif:NoteDeFrais
  Passif:AirFrance:Amex                             -129.05 EUR

2018-02-15 * "MEUNG 9672 MEUNG SUR LOIRE" ""
  source: "pdfamex"
  type: "Credit"
  Actif:NoteDeFrais
  Passif:AirFrance:Amex                              -21.80 EUR

2018-02-18 * "GOOGLE *GOOGLE STORAGE G.CO/HELPPAY#" ""
  source: "pdfamex"
  type: "Credit"
  Depenses:Abo:Serveur
  Passif:AirFrance:Amex                               -1.99 EUR

2018-02-23 * "PICARD 282NIORT 282 NIORT" ""
  source: "pdfamex"
  type: "Credit"
  Depenses:Alimentaire:Epicerie
  Passif:AirFrance:Amex                              -31.85 EUR

2018-02-26 * "AMAZON PAYMENT EUROPE LUXEMBOURG" ""
  source: "pdfamex"
  type: "Credit"
  Depenses:Loisirs:Gadgets
  Passif:AirFrance:Amex                              -38.59 EUR

2018-02-28 * "CAFE NEWS NANTES BOUGUENAIS CEDE" ""
  source: "pdfamex"
  type: "Credit"
  Actif:NoteDeFrais
  Passif:AirFrance:Amex                              -18.50 EUR

2018-03-01 * "GOOGLE *SVCSAPPS_FAMIL G.CO/HELPPAY#" ""
  source: "pdfamex"
  type: "Credit"
  Depenses:Abo:Serveur
  Passif:AirFrance:Amex                              -38.40 EUR

2018-03-02 * "AEROPORT NANTES ATLANTI BOUGUENAIS" ""
  source: "pdfamex"
  type: "Credit"
  Actif:NoteDeFrais
  Passif:AirFrance:Amex                              -44.40 EUR

2018-03-02 * "RELAIS VERTOU GRASSINIE VERTOU" ""
  source: "pdfamex"
  type: "Credit"
  Actif:NoteDeFrais
  Passif:AirFrance:Amex                              -56.38 EUR

2018-03-03 * "CASTORAMA NIORT NIORT" ""
  source: "pdfamex"
  type: "Credit"
  Depenses:Immobilier:Travaux
  Passif:AirFrance:Amex                              -45.80 EUR

2018-03-03 * "CASTORAMA NIORT NIORT" ""
  source: "pdfamex"
  type: "Credit"
  Depenses:Immobilier:Travaux
  Passif:AirFrance:Amex                              -55.53 EUR

2018-03-05 * "PAYPAL *LONDONTRUST 4029357733 39.95" "PIA VPN"
  source: "pdfamex"
  type: "Credit"
  Depenses:Abo:Serveur
  Passif:AirFrance:Amex                              -33.51 EUR

2018-03-07 * "ADLPARTNER MONTREUIL" ""
  source: "pdfamex"
  type: "Credit"
  Depenses:Loisirs:Culture
  Passif:AirFrance:Amex                               -3.99 EUR

2018-03-09 balance Passif:AirFrance:Amex            -861.93 EUR
  source: "pdfamex"

2018-03-10 * "PICARD 282NIORT 282 NIORT" ""
  source: "pdfamex"
  type: "Credit"
  Depenses:Alimentaire:Epicerie
  Passif:AirFrance:Amex                              -31.90 EUR

2018-03-12 * "PRELEVEMENT AUTOMATIQUE ENREGISTRE-MERCI" ""
  source: "pdfamex"
  type: "Débit"
  Actif:Boursorama:CCTim
  Passif:AirFrance:Amex                              861.93 EUR

2018-03-13 * "BIP & GO SAS ISSY" ""
  source: "pdfamex"
  type: "Credit"
  Depenses:Voitures:Peages
  Passif:AirFrance:Amex                              -60.80 EUR

2018-03-10 * "CASTORAMA NIORT NIORT" ""
  source: "pdfamex"
  type: "Credit"
  Depenses:Immobilier:Travaux
  Passif:AirFrance:Amex                             -224.55 EUR

2018-03-13 * "RELAIS VERTOU GRASSINIE VERTOU" ""
  source: "pdfamex"
  type: "Credit"
  Actif:NoteDeFrais
  Passif:AirFrance:Amex                              -12.00 EUR

2018-03-17 * "CASTORAMA NIORT NIORT" ""
  source: "pdfamex"
  type: "Credit"
  Depenses:Immobilier:Travaux
  Passif:AirFrance:Amex                              -23.04 EUR

2018-03-17 * "CASTORAMA NIORT NIORT" ""
  source: "pdfamex"
  type: "Credit"
  Depenses:Immobilier:Travaux
  Passif:AirFrance:Amex                              -17.50 EUR

2018-03-18 * "GOOGLE *GOOGLE STORAGE G.CO/HELPPAY#" ""
  source: "pdfamex"
  type: "Credit"
  Depenses:Abo:Serveur
  Passif:AirFrance:Amex                               -1.99 EUR

2018-03-23 * "PAYPAL*AIRBNB HMMAYKWRE 35314369001" ""
  source: "pdfamex"
  type: "Credit"
  Depenses:Loisirs:Voyages
  Passif:AirFrance:Amex                             -195.70 EUR

2018-03-25 * "GOOGLE*GOOGLE MUSIC GOO CC GOOGLE.COM" ""
  source: "pdfamex"
  type: "Credit"
  Depenses:Abo:Musique
  Passif:AirFrance:Amex                               -9.99 EUR

2018-04-01 * "GOOGLE *SVCSAPPS_FAMIL G.CO/HELPPAY#" ""
  source: "pdfamex"
  type: "Credit"
  Depenses:Abo:Serveur
  Passif:AirFrance:Amex                              -38.40 EUR

2018-04-05 * "ADLPARTNER MONTREUIL" ""
  source: "pdfamex"
  type: "Credit"
  Depenses:Loisirs:Culture
  Passif:AirFrance:Amex                               -9.84 EUR

2018-03-18 * "PICARD 824NIORT 824 NIORT" ""
  source: "pdfamex"
  type: "Credit"
  Depenses:Alimentaire:Epicerie
  Passif:AirFrance:Amex                              -17.75 EUR

2018-04-07 * "PAYPAL*BRAINSTORMN 35314369001" "OneProvider"
  source: "pdfamex"
  type: "Credit"
  Depenses:Abo:Serveur
  Passif:AirFrance:Amex                              -37.05 EUR

2018-04-07 * "PICARD 282NIORT 282 NIORT" ""
  source: "pdfamex"
  type: "Credit"
  Depenses:Alimentaire:Epicerie
  Passif:AirFrance:Amex                              -33.89 EUR

2018-04-09 balance Passif:AirFrance:Amex             -714.4 EUR
  source: "pdfamex"

2018-04-12 * "PRELEVEMENT AUTOMATIQUE ENREGISTRE-MERCI" ""
  source: "pdfamex"
  type: "Débit"
  Actif:Boursorama:CCTim
  Passif:AirFrance:Amex                              714.40 EUR

2018-04-15 * "PAYPAL *NORDVPN 4029357733 48.00" ""
  source: "pdfamex"
  type: "Credit"
  Depenses:Abo:Serveur
  Passif:AirFrance:Amex                              -40.10 EUR

2018-04-18 * "GOOGLE *GOOGLE PLAY AP G.CO/HELPPAY#" ""
  source: "pdfamex"
  type: "Credit"
  Depenses:Abo:GooglePlay
  Passif:AirFrance:Amex                               -1.99 EUR

2018-04-21 * "CASTORAMA NIORT NIORT" ""
  source: "pdfamex"
  type: "Credit"
  Depenses:Immobilier:Travaux
  Passif:AirFrance:Amex                             -124.10 EUR

2018-04-23 * "PAYPAL*GEARBEST 35314369001" ""
  source: "pdfamex"
  type: "Credit"
  Depenses:Loisirs:Gadgets
  Passif:AirFrance:Amex                              -65.86 EUR

2018-04-23 * "RELAIS STE MAURE NEFTIS ST EPAIN" ""
  source: "pdfamex"
  type: "Credit"
  Actif:NoteDeFrais
  Passif:AirFrance:Amex                              -12.65 EUR

2018-04-24 * "ENI POITIETS CHINCE NOR JAUNAY CLAN" ""
  source: "pdfamex"
  type: "Credit"
  Actif:NoteDeFrais
  Passif:AirFrance:Amex                              -17.15 EUR

2018-04-13 * "BIP & GO SAS ISSY" ""
  source: "pdfamex"
  type: "Credit"
  Depenses:Voitures:Peages
  Passif:AirFrance:Amex                              -10.60 EUR

2018-04-26 ! "AMAZON PAYMENT EUROPE LUXEMBOURG" ""
  source: "pdfamex"
  type: "Credit"
  Depenses:Loisirs:Gadgets
  Passif:AirFrance:Amex                              -22.00 EUR

2018-04-29 * "PICARD 824NIORT 824 NIORT" ""
  source: "pdfamex"
  type: "Credit"
  Depenses:Alimentaire:Epicerie
  Passif:AirFrance:Amex                              -58.05 EUR

2018-05-01 * "GOOGLE *SVCSAPPS_FAMIL G.CO/HELPPAY#" ""
  source: "pdfamex"
  type: "Credit"
  Depenses:Abo:Serveur
  Passif:AirFrance:Amex                              -38.40 EUR

2018-05-04 * "DENK TURIZM A.S. ISTANBUL 1.125,15" ""
  source: "pdfamex"
  type: "Credit"
  Actif:NoteDeFrais
  Passif:AirFrance:Amex                             -231.15 EUR

2018-05-09 balance Passif:AirFrance:Amex            -640.52 EUR
  source: "pdfamex"

2018-05-06 * "ALI*ALIEXPRESS ALIPAY SINGAPORE 21.40" ""
  source: "pdfamex"
  type: "Credit"
  Depenses:Loisirs:Gadgets
  Passif:AirFrance:Amex                              -18.47 EUR

2018-05-09 * "AMAZON PAYMENT EUROPE LUXEMBOURG" "PdR imprimante 3D"
  source: "pdfamex"
  type: "Credit"
  Depenses:Loisirs:Gadgets
  Passif:AirFrance:Amex                              -22.98 EUR

2018-05-09 * "CASTORAMA NIORT NIORT" ""
  source: "pdfamex"
  type: "Credit"
  Depenses:Immobilier:Travaux
  Passif:AirFrance:Amex                              -59.96 EUR

2018-05-13 * "AMAZON PAYMENT EUROPE LUXEMBOURG" "Piles Domotique"
  source: "pdfamex"
  type: "Credit"
  Depenses:Loisirs:Gadgets
  Passif:AirFrance:Amex                              -19.48 EUR

2018-05-14 * "PRELEVEMENT AUTOMATIQUE ENREGISTRE-MERCI" ""
  source: "pdfamex"
  type: "Débit"
  Actif:Boursorama:CCTim
  Passif:AirFrance:Amex                              640.52 EUR

2018-05-14 * "AVIS CENTRAL LYON STEX 74169" "Location - 90 ans Bon Papa"
  source: "pdfamex"
  type: "Credit"
  Depenses:Loisirs:Voyages
  Passif:AirFrance:Amex                             -156.90 EUR

2018-05-18 * "BIP & GO SAS ISSY" ""
  source: "pdfamex"
  type: "Credit"
  Depenses:Voitures:Peages
  Passif:AirFrance:Amex                              -36.10 EUR

2018-05-09 * "ADLPARTNER MONTREUIL" ""
  source: "pdfamex"
  type: "Credit"
  Depenses:Loisirs:Culture
  Passif:AirFrance:Amex                               -9.84 EUR

2018-05-20 * "GOOGLE*GOOGLE STORAGE G CC GOOGLE.COM" ""
  source: "pdfamex"
  type: "Credit"
  Depenses:Abo:Serveur
  Passif:AirFrance:Amex                               -1.99 EUR

2018-05-23 * "AUDIBLE GMBH BERLIN" ""
  source: "pdfamex"
  type: "Credit"
  Depenses:Loisirs:Gadgets
  Passif:AirFrance:Amex                               -9.95 EUR

2018-05-21 * "STARBUCKS HALL A MERIGNAC" ""
  source: "pdfamex"
  type: "Credit"
  Depenses:Alimentaire:Restaurant
  Passif:AirFrance:Amex                               -8.70 EUR

2018-05-27 * "ALI*ALIEXPRESS ALIPAY SINGAPORE 16.60" ""
  source: "pdfamex"
  type: "Credit"
  Depenses:Loisirs:Gadgets
  Passif:AirFrance:Amex                              -14.65 EUR

2018-05-29 * "ALI*ALIEXPRESS ALIPAY SINGAPORE 45.60" ""
  source: "pdfamex"
  type: "Credit"
  Depenses:Loisirs:Gadgets
  Passif:AirFrance:Amex                              -40.40 EUR

2018-05-30 * "PAYPAL*TMLEWINSONS 35314369001" ""
  source: "pdfamex"
  type: "Credit"
  Depenses:Habillement
  Passif:AirFrance:Amex                             -118.95 EUR

2018-05-29 * "AMAZON PAYMENT EUROPE LUXEMBOURG" "Kapton"
  source: "pdfamex"
  type: "Credit"
  Depenses:Loisirs:Gadgets
  Passif:AirFrance:Amex                               -3.19 EUR

2018-05-31 * "GOOGLE *GOOGLE PLAY AP G.CO/HELPPAY#" "Apparemment, j'ai acheté Tunein Premium :/"
  source: "pdfamex"
  type: "Credit"
  Depenses:Abo:GooglePlay
  Passif:AirFrance:Amex                             -104.99 EUR

2018-06-02 * "GOOGLE *SVCSAPPS_FAMIL G.CO/HELPPAY#" ""
  source: "pdfamex"
  type: "Credit"
  Depenses:Abo:Serveur
  Passif:AirFrance:Amex                              -38.40 EUR

2018-06-03 * "RELAIS LYON - ST EXUPER COLOMBIER SAUGN" ""
  source: "pdfamex"
  type: "Credit"
  Depenses:Loisirs:Culture
  Passif:AirFrance:Amex                              -25.04 EUR

2018-06-04 * "ALI*ALIEXPRESS ALIPAY SINGAPORE 70.23" ""
  source: "pdfamex"
  type: "Credit"
  Depenses:Loisirs:Gadgets
  Passif:AirFrance:Amex                              -62.15 EUR

2018-06-06 * "AMAZON PAYMENT EUROPE LUXEMBOURG" "Casque"
  source: "pdfamex"
  type: "Credit"
  Depenses:Loisirs:Gadgets
  Passif:AirFrance:Amex                              -59.99 EUR

2018-06-06 * "ADLPARTNER MONTREUIL" ""
  source: "pdfamex"
  type: "Credit"
  Depenses:Loisirs:Culture
  Passif:AirFrance:Amex                               -3.99 EUR

2018-06-09 balance Passif:AirFrance:Amex            -797.65 EUR
  source: "pdfamex"

2018-06-09 * "CASTORAMA NIORT NIORT" ""
  source: "pdfamex"
  type: "Credit"
  Depenses:Immobilier:Travaux
  Passif:AirFrance:Amex                              -24.30 EUR

2018-06-13 * "PRELEVEMENT AUTOMATIQUE ENREGISTRE-MERCI" ""
  source: "pdfamex"
  type: "Débit"
  Actif:Boursorama:CCTim
  Passif:AirFrance:Amex                              797.65 EUR

2018-06-13 * "PAYPAL*ICONHEALTHF 35314369001" ""
  source: "pdfamex"
  type: "Credit"
  Depenses:Cadeaux
  Passif:AirFrance:Amex                             -353.10 EUR

2018-06-14 * "BIP & GO SAS ISSY" ""
  source: "pdfamex"
  type: "Credit"
  Depenses:Voitures:Peages
  Passif:AirFrance:Amex                              -17.39 EUR

2018-06-16 * "ALI*ALIEXPRESS ALIPAY SINGAPORE 15.72" ""
  source: "pdfamex"
  type: "Credit"
  Depenses:Loisirs:Gadgets
  Passif:AirFrance:Amex                              -14.00 EUR

2018-06-18 ! "PAYPAL*DUENGEREXPE 35314369001" "Engrais Oranger"
  source: "pdfamex"
  type: "Credit"
  Depenses:A-CLASSER
  Passif:AirFrance:Amex                               -8.80 EUR

2018-06-18 * "GOOGLE *GOOGLE STORAGE G.CO/HELPPAY#" ""
  source: "pdfamex"
  type: "Credit"
  Depenses:Abo:Serveur
  Passif:AirFrance:Amex                               -1.99 EUR

2018-06-21 * "AMAZON EU SARL GUYANCOURT" "T-shirt tomato"
  source: "pdfamex"
  type: "Credit"
  Depenses:Habillement
  Passif:AirFrance:Amex                              -32.94 EUR

2018-06-23 * "PICARD 282NIORT 282 NIORT" ""
  source: "pdfamex"
  type: "Credit"
  Depenses:Alimentaire:Epicerie
  Passif:AirFrance:Amex                              -32.15 EUR

2018-06-24 ! "AUDIBLE GMBH BERLIN" ""
  source: "pdfamex"
  type: "Credit"
  Depenses:Loisirs:Culture
  Passif:AirFrance:Amex                               -9.95 EUR

2018-06-24 * "PAYPAL*BRAINSTORMN 35314369001" "OneProvider"
  source: "pdfamex"
  type: "Credit"
  Depenses:Abo:Serveur
  Passif:AirFrance:Amex                              -37.05 EUR

2018-07-01 * "GOOGLE *SVCSAPPS_FAMIL G.CO/HELPPAY#" ""
  source: "pdfamex"
  type: "Credit"
  Depenses:Abo:Serveur
  Passif:AirFrance:Amex                              -50.40 EUR

2018-07-03 * "ADLPARTNER MONTREUIL" ""
  source: "pdfamex"
  type: "Credit"
  Depenses:Loisirs:Culture
  Passif:AirFrance:Amex                               -9.84 EUR

2018-07-08 * "ALI*ALIEXPRESS ALIPAY SINGAPORE 9.29" ""
  source: "pdfamex"
  type: "Credit"
  Depenses:Loisirs:Gadgets
  Passif:AirFrance:Amex                               -8.16 EUR

2018-07-06 * "CASTORAMA NIORT NIORT" ""
  source: "pdfamex"
  type: "Credit"
  Depenses:Immobilier:Travaux
  Passif:AirFrance:Amex                              -13.00 EUR

2018-07-09 * "COTISATION - MERCI POUR VOTRE CONFIANCE." ""
  source: "pdfamex"
  type: "Credit"
  Depenses:Banque:Frais
  Passif:AirFrance:Amex                             -165.00 EUR

2018-07-09 balance Passif:AirFrance:Amex            -613.07 EUR
  source: "pdfamex"


2018-07-11 * "LEONARDO ASHKELON 270.00" ""
  source: "pdfamex"
  type: "Credit"
  Actif:NoteDeFrais
  Passif:AirFrance:Amex                             -237.47 EUR

2018-07-12 * "PRELEVEMENT AUTOMATIQUE ENREGISTRE-MERCI" ""
  source: "pdfamex"
  type: "Débit"
  Actif:Boursorama:CCTim
  Passif:AirFrance:Amex                              778.07 EUR

2018-07-12 * "WEMAKEIT HOD HASHARON 160.00" ""
  source: "pdfamex"
  type: "Credit"
  Actif:NoteDeFrais
  Passif:AirFrance:Amex                              -38.62 EUR

2018-07-14 * "DELEK MENTA LTD natbag 100.67" ""
  source: "pdfamex"
  type: "Credit"
  Actif:NoteDeFrais
  Passif:AirFrance:Amex                              -24.41 EUR

2018-07-15 * "BURGERANCH DUTY FREE lud airport 58.00" ""
  source: "pdfamex"
  type: "Credit"
  Actif:NoteDeFrais
  Passif:AirFrance:Amex                              -14.07 EUR

2018-07-16 * "PAYPAL*RTLSDR BLOG 35314369001 51.90" ""
  source: "pdfamex"
  type: "Credit"
  Depenses:Loisirs:Gadgets
  Passif:AirFrance:Amex                              -45.95 EUR

2018-07-16 * "BIP & GO SAS ISSY" ""
  source: "pdfamex"
  type: "Credit"
  Depenses:Voitures:Peages
  Passif:AirFrance:Amex                              -30.40 EUR

2018-07-16 * "AMAZON EU SARL GUYANCOURT" "Brosse à dent"
  source: "pdfamex"
  type: "Credit"
  Depenses:Sante
  Passif:AirFrance:Amex                              -16.50 EUR

2018-07-17 * "MISS PEPPER LUETZEN LUETZEN" ""
  source: "pdfamex"
  type: "Credit"
  Actif:NoteDeFrais
  Passif:AirFrance:Amex                              -25.60 EUR

2018-07-15 * "ALI*ALIEXPRESS ALIPAY SINGAPORE 14.04" ""
  source: "pdfamex"
  type: "Credit"
  Depenses:Loisirs:Gadgets
  Passif:AirFrance:Amex                              -12.42 EUR

2018-07-18 * "GOOGLE *GOOGLE STORAGE G.CO/HELPPAY#" ""
  source: "pdfamex"
  type: "Credit"
  Depenses:Abo:Serveur
  Passif:AirFrance:Amex                               -1.99 EUR

2018-07-19 * "PAYPAL*AIRBNB HMQ4FA8K4 35314369001" ""
  source: "pdfamex"
  type: "Credit"
  Depenses:Loisirs:Voyages
  Passif:AirFrance:Amex                             -232.74 EUR

2018-07-23 ! "PAYPAL *ASTEROIDGES 4029357733" "Daubasses"
  source: "pdfamex"
  type: "Credit"
  Depenses:A-CLASSER
  Passif:AirFrance:Amex                              -52.23 EUR

2018-07-23 * "AUDIBLE GMBH BERLIN" ""
  source: "pdfamex"
  type: "Credit"
  Depenses:Loisirs:Gadgets
  Passif:AirFrance:Amex                               -9.95 EUR

2018-07-28 * "CASTORAMA NIORT NIORT" ""
  source: "pdfamex"
  type: "Credit"
  Depenses:Immobilier:Travaux
  Passif:AirFrance:Amex                              -63.65 EUR

2018-07-28 * "DARTY NIORT NIORT" ""
  source: "pdfamex"
  type: "Credit"
  Depenses:Equipement
  Passif:AirFrance:Amex                             -109.99 EUR

2018-07-29 * "PAYPAL *CDISCOUNTSA 0535385199" "Telephone ?"
  source: "pdfamex"
  type: "Credit"
  Depenses:Loisirs:Gadgets
  Passif:AirFrance:Amex                             -304.00 EUR

2018-07-30 * "PAYPAL *NETZBERATER 4029357733" "Max2play"
  source: "pdfamex"
  type: "Credit"
  Depenses:Abo:Musique
  Passif:AirFrance:Amex                              -14.99 EUR

2018-07-30 * "ALI*ALIEXPRESS ALIPAY SINGAPORE 2.30" ""
  source: "pdfamex"
  type: "Credit"
  Depenses:Loisirs:Gadgets
  Passif:AirFrance:Amex                               -2.03 EUR

2018-07-30 * "AMAZON PAYMENT EUROPE LUXEMBOURG" "Coque Samsung"
  source: "pdfamex"
  type: "Credit"
  Depenses:Loisirs:Gadgets
  Passif:AirFrance:Amex                              -19.98 EUR

2018-08-01 * "GOOGLE *GSUITE_FAMILLE G.CO/HELPPAY#" ""
  source: "pdfamex"
  type: "Credit"
  Depenses:Abo:Serveur
  Passif:AirFrance:Amex                              -38.40 EUR

2018-08-05 * "AMAZON PAYMENT EUROPE LUXEMBOURG" "Bracelet Montre"
  source: "pdfamex"
  type: "Credit"
  Depenses:Habillement
  Passif:AirFrance:Amex                              -20.99 EUR

2018-08-07 * "GOOGLE *GOOGLE PLAY AP G.CO/HELPPAY#" ""
  source: "pdfamex"
  type: "Credit"
  Depenses:Abo:GooglePlay
  Passif:AirFrance:Amex                               -4.09 EUR

2018-08-07 * "GOOGLE *GOOGLE PLAY AP G.CO/HELPPAY#" ""
  source: "pdfamex"
  type: "Credit"
  Depenses:Abo:GooglePlay
  Passif:AirFrance:Amex                               -1.09 EUR

2018-08-09 balance Passif:AirFrance:Amex           -1321.56 EUR
  source: "pdfamex"

2018-08-09 * "ADLPARTNER MONTREUIL" ""
  source: "pdfamex"
  type: "Credit"
  Depenses:Loisirs:Culture
  Passif:AirFrance:Amex                               -9.84 EUR

2018-08-13 * "PRELEVEMENT AUTOMATIQUE ENREGISTRE-MERCI" ""
  source: "pdfamex"
  type: "Débit"
  Actif:Boursorama:CCTim
  Passif:AirFrance:Amex                             1321.56 EUR

2018-08-13 * "BIP & GO SAS ISSY" ""
  source: "pdfamex"
  type: "Credit"
  Depenses:Voitures:Peages
  Passif:AirFrance:Amex                              -46.40 EUR

2018-08-16 * "AVIS KARDAN CAR LTD TEL AVIV 39.00" ""
  source: "pdfamex"
  type: "Credit"
  Actif:NoteDeFrais
  Passif:AirFrance:Amex                              -35.48 EUR

2018-08-18 * "GOOGLE *GOOGLE STORAGE G.CO/HELPPAY#" ""
  source: "pdfamex"
  type: "Credit"
  Depenses:Abo:Serveur
  Passif:AirFrance:Amex                               -1.99 EUR

2018-08-20 * "AMAZON PAYMENT EUROPE LUXEMBOURG" ""
  source: "pdfamex"
  type: "Credit"
  Depenses:A-CLASSER
  Passif:AirFrance:Amex                               -2.94 EUR

2018-08-28 * "WEMAKEIT HOD HASHARON 240.00" ""
  source: "pdfamex"
  type: "Credit"
  Actif:NoteDeFrais
  Passif:AirFrance:Amex                              -58.48 EUR

2018-08-28 * "REGINA GOREN HOTEL ASHQELON" ""
  source: "pdfamex"
  type: "Credit"
  Actif:NoteDeFrais
  Passif:AirFrance:Amex                             -263.92 EUR

2018-08-28 * "NORMAN ARZI LTD ASHKELON 689.00" ""
  source: "pdfamex"
  type: "Credit"
  Actif:NoteDeFrais
  Passif:AirFrance:Amex                             -167.91 EUR

2018-09-01 * "ALON NTBG LOD 183.88" ""
  source: "pdfamex"
  type: "Credit"
  Actif:NoteDeFrais
  Passif:AirFrance:Amex                              -45.12 EUR

2018-09-01 * "WEMAKEIT HOD HASHARON 80.00" ""
  source: "pdfamex"
  type: "Credit"
  Actif:NoteDeFrais
  Passif:AirFrance:Amex                              -19.63 EUR

2018-09-01 * "LA FARINA AL TAGLIO LOD 75.58" ""
  source: "pdfamex"
  type: "Credit"
  Actif:NoteDeFrais
  Passif:AirFrance:Amex                              -18.55 EUR

2018-09-01 * "GOOGLE *GSUITE_FAMILLE G.CO/HELPPAY#" ""
  source: "pdfamex"
  type: "Credit"
  Depenses:Abo:Serveur
  Passif:AirFrance:Amex                              -38.40 EUR

2018-09-04 * "ADLPARTNER MONTREUIL" ""
  source: "pdfamex"
  type: "Credit"
  Depenses:Loisirs:Culture
  Passif:AirFrance:Amex                               -3.99 EUR

2018-09-08 balance Passif:AirFrance:Amex            -712.65 EUR
  source: "pdfamex"

2018-09-08 * "CASTORAMA NIORT NIORT" ""
  source: "pdfamex"
  type: "Credit"
  Depenses:Immobilier:Travaux
  Passif:AirFrance:Amex                              -22.69 EUR

2018-09-09 * "AMAZON PAYMENT EUROPE LUXEMBOURG" "Robinet thermostatique"
  source: "pdfamex"
  type: "Credit"
  Depenses:Immobilier:Travaux
  Passif:AirFrance:Amex                              -59.39 EUR

2018-09-10 * "AMAZON EU SARL GUYANCOURT" ""
  source: "pdfamex"
  type: "Credit"
  Depenses:Loisirs:Velos
  Passif:AirFrance:Amex                              -60.76 EUR

2018-09-10 * "AMAZON PAYMENT EUROPE LUXEMBOURG" "Raccord plomberie"
  source: "pdfamex"
  type: "Credit"
  Depenses:Immobilier:Travaux
  Passif:AirFrance:Amex                              -24.80 EUR

2018-09-12 * "PRELEVEMENT AUTOMATIQUE ENREGISTRE-MERCI" ""
  source: "pdfamex"
  type: "Débit"
  Actif:Boursorama:CCTim
  Passif:AirFrance:Amex                              712.65 EUR

2018-09-12 * "AMAZON PAYMENT EUROPE LUXEMBOURG" "Circulateur chauffage"
  source: "pdfamex"
  type: "Credit"
  Depenses:Immobilier:Travaux
  Passif:AirFrance:Amex                             -119.66 EUR

2018-09-17 * "ALI*ALIEXPRESS ALIPAY SINGAPORE 68.83" ""
  source: "pdfamex"
  type: "Credit"
  Depenses:Loisirs:Gadgets
  Passif:AirFrance:Amex                              -60.72 EUR

2018-09-18 * "GOOGLE *GOOGLE STORAGE G.CO/HELPPAY#" ""
  source: "pdfamex"
  type: "Credit"
  Depenses:Abo:Serveur
  Passif:AirFrance:Amex                               -1.99 EUR

2018-09-18 * "ALI*ALIEXPRESS ALIPAY SINGAPORE" ""
  source: "pdfamex"
  type: "Credit"
  Depenses:Loisirs:Gadgets
  Passif:AirFrance:Amex                              -21.12 EUR

2018-09-14 * "BIP & GO SAS ISSY" ""
  source: "pdfamex"
  type: "Credit"
  Depenses:Voitures:Peages
  Passif:AirFrance:Amex                              -20.60 EUR

2018-09-20 * "AMAZON PAYMENT EUROPE LUXEMBOURG" "Clef U2F"
  source: "pdfamex"
  type: "Credit"
  Depenses:Loisirs:Gadgets
  Passif:AirFrance:Amex                              -14.99 EUR

2018-09-20 * "AMAZON PAYMENT EUROPE LUXEMBOURG" "Partition Saxophone"
  source: "pdfamex"
  type: "Credit"
  Depenses:Loisirs:Culture
  Passif:AirFrance:Amex                              -11.98 EUR

2018-09-22 * "CASTORAMA NIORT NIORT" ""
  source: "pdfamex"
  type: "Credit"
  Depenses:Immobilier:Travaux
  Passif:AirFrance:Amex                              -25.05 EUR

2018-09-23 * "PAYPAL *BRAINSTORMN 5142860253" "OneProvider"
  source: "pdfamex"
  type: "Credit"
  Depenses:Abo:Serveur
  Passif:AirFrance:Amex                              -25.05 EUR

2018-09-23 * "AMAZON PAYMENT EUROPE LUXEMBOURG" "Piles"
  source: "pdfamex"
  type: "Credit"
  Depenses:Loisirs:Gadgets
  Passif:AirFrance:Amex                               -2.80 EUR

2018-09-24 * "AMAZON PAYMENT EUROPE LUXEMBOURG" "clefs de purges"
  source: "pdfamex"
  type: "Credit"
  Depenses:Immobilier:Travaux
  Passif:AirFrance:Amex                               -6.95 EUR

2018-09-28 * "ALI*ALIEXPRESS ALIPAY SINGAPORE 40.64" ""
  source: "pdfamex"
  type: "Credit"
  Depenses:Loisirs:Gadgets
  Passif:AirFrance:Amex                              -35.80 EUR

2018-10-01 * "GOOGLE *GSUITE_FAMILLE G.CO/HELPPAY#" ""
  source: "pdfamex"
  type: "Credit"
  Depenses:Abo:Serveur
  Passif:AirFrance:Amex                              -38.40 EUR

2018-10-02 * "ADLPARTNER MONTREUIL" ""
  source: "pdfamex"
  type: "Credit"
  Depenses:Loisirs:Culture
  Passif:AirFrance:Amex                               -9.84 EUR

2018-10-03 * "LEONARDO ASHKELON 270.00" ""
  source: "pdfamex"
  type: "Credit"
  Actif:NoteDeFrais
  Passif:AirFrance:Amex                             -241.27 EUR

2018-10-04 * "WEMAKEIT HOD HASHARON 160.00" ""
  source: "pdfamex"
  type: "Credit"
  Actif:NoteDeFrais
  Passif:AirFrance:Amex                              -39.37 EUR

2018-10-04 * "BRASERI ASHKELON 542.00" ""
  source: "pdfamex"
  type: "Credit"
  Actif:NoteDeFrais
  Passif:AirFrance:Amex                             -133.37 EUR

2018-10-06 * "DELEK MENTA LTD natbag 191.25" ""
  source: "pdfamex"
  type: "Credit"
  Actif:NoteDeFrais
  Passif:AirFrance:Amex                              -47.21 EUR

2018-10-06 * "AEROPORT NANTES ATLANTI BOUGUENAIS" ""
  source: "pdfamex"
  type: "Credit"
  Actif:NoteDeFrais
  Passif:AirFrance:Amex                              -45.50 EUR

2018-10-06 * "CASTORAMA NIORT NIORT" ""
  source: "pdfamex"
  type: "Credit"
  Depenses:Immobilier:Travaux
  Passif:AirFrance:Amex                              -36.90 EUR

2018-10-07 * "CAFFE CAFFE LUDNATBAG 90.00" ""
  source: "pdfamex"
  type: "Credit"
  Actif:NoteDeFrais
  Passif:AirFrance:Amex                              -22.21 EUR

2018-10-07 * "PAYPAL *JEEDOM 4029357733" ""
  source: "pdfamex"
  type: "Credit"
  Depenses:Immobilier:Travaux
  Passif:AirFrance:Amex                               -4.00 EUR

2018-10-07 * "PICARD 824NIORT 824 NIORT" ""
  source: "pdfamex"
  type: "Credit"
  Depenses:Alimentaire:Epicerie
  Passif:AirFrance:Amex                              -38.20 EUR

2018-10-08 * "PAYPAL *DEERANDDOE 0177116813" ""
  source: "pdfamex"
  type: "Credit"
  Depenses:Loisirs:Couture
  Passif:AirFrance:Amex                              -25.20 EUR

2018-10-09 balance Passif:AirFrance:Amex           -1195.82 EUR
  source: "pdfamex"

2018-10-11 * "KLM PARIS" "Madagascar"
  source: "pdfamex"
  type: "Credit"
  Depenses:Loisirs:Voyages
  Passif:AirFrance:Amex                             -246.95 EUR

2018-10-11 * "KLM PARIS" "Madagascar"
  source: "pdfamex"
  type: "Credit"
  Depenses:Loisirs:Voyages
  Passif:AirFrance:Amex                             -246.95 EUR

2018-10-11 * "KLM PARIS" "Madagascar"
  source: "pdfamex"
  type: "Credit"
  Depenses:Loisirs:Voyages
  Passif:AirFrance:Amex                             -246.95 EUR

2018-10-11 * "KLM PARIS" "Madagascar"
  source: "pdfamex"
  type: "Credit"
  Depenses:Loisirs:Voyages
  Passif:AirFrance:Amex                            -1038.95 EUR

2018-10-12 * "PRELEVEMENT AUTOMATIQUE ENREGISTRE-MERCI" ""
  source: "pdfamex"
  type: "Débit"
  Actif:Boursorama:CCTim
  Passif:AirFrance:Amex                             1195.82 EUR

2018-10-13 * "CASTORAMA NIORT NIORT" ""
  source: "pdfamex"
  type: "Credit"
  Depenses:Immobilier:Travaux
  Passif:AirFrance:Amex                              -87.40 EUR

2018-10-14 * "PICARD 824NIORT 824 NIORT" ""
  source: "pdfamex"
  type: "Credit"
  Depenses:Alimentaire:Epicerie
  Passif:AirFrance:Amex                              -31.81 EUR

2018-10-15 * "BIP & GO SAS ISSY" ""
  source: "pdfamex"
  type: "Credit"
  Depenses:Voitures:Peages
  Passif:AirFrance:Amex                              -15.20 EUR

2018-10-18 * "GOOGLE *GOOGLE STORAGE G.CO/HELPPAY#" ""
  source: "pdfamex"
  type: "Credit"
  Depenses:Abo:Serveur
  Passif:AirFrance:Amex                               -1.99 EUR

2018-10-22 * "AMAZON PAYMENT EUROPE LUXEMBOURG" "Traitement radiateurs"
  source: "pdfamex"
  type: "Credit"
  Depenses:Immobilier:Travaux
  Passif:AirFrance:Amex                              -31.50 EUR

2018-10-28 * "PAYPAL *DEEZER 0155806900" ""
  source: "pdfamex"
  type: "Credit"
  Depenses:Abo:Musique
  Passif:AirFrance:Amex                               -1.99 EUR

2018-10-30 * "AMAZON PAYMENT EUROPE LUXEMBOURG" "Piles detecteurs de fumée"
  source: "pdfamex"
  type: "Credit"
  Depenses:Immobilier:Travaux
  Passif:AirFrance:Amex                              -17.22 EUR

2018-10-22 * "AMAZON EU SARL GUYANCOURT" "Bac Tondeuse"
  source: "pdfamex"
  type: "Credit"
  Depenses:A-CLASSER
  Passif:AirFrance:Amex                              -27.99 EUR

2018-11-01 * "AMAZON EU SARL GUYANCOURT" "Seringue pour radiateurs"
  source: "pdfamex"
  type: "Credit"
  Depenses:Immobilier:Travaux
  Passif:AirFrance:Amex                               -8.21 EUR

2018-11-01 * "GOOGLE *GSUITE_FAMILLE G.CO/HELPPAY#" ""
  source: "pdfamex"
  type: "Credit"
  Depenses:Abo:Serveur
  Passif:AirFrance:Amex                              -38.40 EUR

2018-11-01 * "CASTORAMA NIORT NIORT" ""
  source: "pdfamex"
  type: "Credit"
  Depenses:Immobilier:Travaux
  Passif:AirFrance:Amex                              -51.99 EUR

2018-11-03 * "CASTORAMA NIORT NIORT" ""
  source: "pdfamex"
  type: "Credit"
  Depenses:Immobilier:Travaux
  Passif:AirFrance:Amex                              -90.15 EUR

2018-11-02 * "CASTORAMA NIORT NIORT" ""
  source: "pdfamex"
  type: "Credit"
  Depenses:Immobilier:Travaux
  Passif:AirFrance:Amex                              -59.99 EUR

2018-11-04 * "AMAZON EU SARL GUYANCOURT" "Bonnet vélo"
  source: "pdfamex"
  type: "Credit"
  Depenses:Loisirs:Velos
  Passif:AirFrance:Amex                              -16.91 EUR

2018-11-04 * "AMAZON EU SARL GUYANCOURT" "Casque vélo"
  source: "pdfamex"
  type: "Credit"
  Depenses:Loisirs:Velos
  Passif:AirFrance:Amex                              -90.63 EUR

2018-11-06 * "ADLPARTNER MONTREUIL" ""
  source: "pdfamex"
  type: "Credit"
  Depenses:Loisirs:Culture
  Passif:AirFrance:Amex                               -9.84 EUR

2018-11-09 balance Passif:AirFrance:Amex           -2361.02 EUR
  source: "pdfamex"

2018-11-10 * "PICARD 282NIORT 282 NIORT" ""
  source: "pdfamex"
  type: "Credit"
  Depenses:Alimentaire:Epicerie
  Passif:AirFrance:Amex                              -37.41 EUR

2018-11-11 * "ALI*ALIEXPRESS ALIPAY SINGAPORE 48.89" ""
  source: "pdfamex"
  type: "Credit"
  Depenses:Loisirs:Gadgets
  Passif:AirFrance:Amex                              -44.37 EUR

2018-11-12 * "PRELEVEMENT AUTOMATIQUE ENREGISTRE-MERCI" ""
  source: "pdfamex"
  type: "Débit"
  Actif:Boursorama:CCTim
  Passif:AirFrance:Amex                             2361.02 EUR
2018-11-14 * "PAYPAL *PHILIBERT 0388326535" ""
  source: "pdfamex"
  type: "Credit"
  Depenses:Cadeaux
  Passif:AirFrance:Amex                              -31.85 EUR

2018-11-14 * "BIP & GO SAS ISSY" ""
  source: "pdfamex"
  type: "Credit"
  Depenses:Voitures:Peages
  Passif:AirFrance:Amex                              -30.40 EUR

2018-11-14 * "AMAZON PAYMENT EUROPE LUXEMBOURG" ""
  source: "pdfamex"
  type: "Credit"
  Depenses:Loisirs:Velos
  Passif:AirFrance:Amex                              -12.34 EUR

2018-11-11 * "PAYPAL *GEARBEST 18824248090" ""
  source: "pdfamex"
  type: "Credit"
  Depenses:Loisirs:Gadgets
  Passif:AirFrance:Amex                              -44.93 EUR

2018-11-15 * "AMAZON EU SARL GUYANCOURT" ""
  source: "pdfamex"
  type: "Débit"
  Depenses:A-CLASSER
  Passif:AirFrance:Amex                                8.21 EUR

2018-11-18 * "GOOGLE *GOOGLE STORAGE G.CO/HELPPAY#" ""
  source: "pdfamex"
  type: "Credit"
  Depenses:Abo:Serveur
  Passif:AirFrance:Amex                               -1.99 EUR

2018-11-24 * "CASTORAMA NIORT NIORT" ""
  source: "pdfamex"
  type: "Credit"
  Depenses:Immobilier:Travaux
  Passif:AirFrance:Amex                              -15.50 EUR

2018-11-25 * "PAYPAL *JEEDOM 4029357733" ""
  source: "pdfamex"
  type: "Credit"
  Depenses:Immobilier:Travaux
  Passif:AirFrance:Amex                               -4.00 EUR

2018-11-26 ! "AMAZON PAYMENT EUROPE LUXEMBOURG" "Ubiquiti"
  source: "pdfamex"
  type: "Credit"
  Depenses:A-CLASSER
  Passif:AirFrance:Amex                             -210.10 EUR

2018-11-26 * "AMAZON PAYMENT EUROPE LUXEMBOURG" "Domotique"
  source: "pdfamex"
  type: "Credit"
  Depenses:Loisirs:Gadgets
  Passif:AirFrance:Amex                              -36.99 EUR

2018-11-28 * "PAYPAL *DEEZER 0155806900" ""
  source: "pdfamex"
  type: "Credit"
  Depenses:Abo:Musique
  Passif:AirFrance:Amex                               -1.99 EUR

2018-12-02 * "GOOGLE*GSUITE FAMILLEGR G.CO HELPPAY#" ""
  source: "pdfamex"
  type: "Credit"
  Depenses:Abo:Serveur
  Passif:AirFrance:Amex                              -38.40 EUR


2018-12-03 * "AMAZON PAYMENT EUROPE LUXEMBOURG" "Coque Telephone"
  source: "pdfamex"
  type: "Credit"
  Depenses:Loisirs:Gadgets
  Passif:AirFrance:Amex                              -21.99 EUR

2018-12-04 ! "AMAZON PAYMENT EUROPE LUXEMBOURG" "Gadgets"
  source: "pdfamex"
  type: "Credit"
  Depenses:A-CLASSER
  Passif:AirFrance:Amex                              -87.81 EUR

2018-12-05 * "ADLPARTNER MONTREUIL" ""
  source: "pdfamex"
  type: "Credit"
  Depenses:Loisirs:Culture
  Passif:AirFrance:Amex                               -3.99 EUR

2018-12-06 * "ALI*ALIEXPRESS ALIPAY SINGAPORE 8.13" ""
  source: "pdfamex"
  type: "Credit"
  Depenses:Loisirs:Gadgets
  Passif:AirFrance:Amex                               -7.39 EUR

2018-12-09 balance Passif:AirFrance:Amex            -623.24 EUR
  source: "pdfamex"

2018-12-10 * "RYANAIR LTD AIRLINE DUBLIN" ""
  source: "pdfamex"
  type: "Credit"
  Depenses:Loisirs:Voyages
  Passif:AirFrance:Amex                             -224.33 EUR

2018-12-10 * "RYANAIR LTD AIRLINE DUBLIN" ""
  source: "pdfamex"
  type: "Credit"
  Depenses:Loisirs:Voyages
  Passif:AirFrance:Amex                              -77.97 EUR

2018-12-12 * "PRELEVEMENT AUTOMATIQUE ENREGISTRE-MERCI"
  Actif:Boursorama:CCTim
  Passif:AirFrance:Amex                              623.24 EUR

2018-12-12 * "LEONARDO ASHKELON 270.00" ""
  source: "pdfamex"
  type: "Credit"
  Actif:NoteDeFrais
  Passif:AirFrance:Amex                             -245.32 EUR

2018-12-13 * "WEMAKEIT HOD HASHARON 80.00" ""
  source: "pdfamex"
  type: "Credit"
  Actif:NoteDeFrais
  Passif:AirFrance:Amex                              -19.33 EUR

2018-12-13 * "NORMAN ARZI LTD ASHKELON 520.00" ""
  source: "pdfamex"
  type: "Credit"
  Actif:NoteDeFrais
  Passif:AirFrance:Amex                             -125.70 EUR

2018-12-15 * "DELEK MENTA LTD natbag 111.56" ""
  source: "pdfamex"
  type: "Credit"
  Actif:NoteDeFrais
  Passif:AirFrance:Amex                              -26.95 EUR

2018-12-15 * "BURGERANCH DUTY FREE lud airport 64.00" ""
  source: "pdfamex"
  type: "Credit"
  Actif:NoteDeFrais
  Passif:AirFrance:Amex                              -15.46 EUR

2018-12-16 * "WEMAKEIT HOD HASHARON 80.00" ""
  source: "pdfamex"
  type: "Credit"
  Actif:NoteDeFrais
  Passif:AirFrance:Amex                              -19.33 EUR

2018-12-16 * "PAYPAL *NATURABOX 4029357733" ""
  source: "pdfamex"
  type: "Credit"
  Depenses:Cadeaux
  Passif:AirFrance:Amex                             -142.86 EUR

2018-12-18 * "GOOGLE *GOOGLE STORAGE G.CO/HELPPAY#" ""
  source: "pdfamex"
  type: "Credit"
  Depenses:Abo:Serveur
  Passif:AirFrance:Amex                               -1.99 EUR

2018-12-20 * "OUISNCF LOISIRS S.N.C. PARIS" ""
  source: "pdfamex"
  type: "Credit"
  Depenses:Loisirs:Voyages
  Passif:AirFrance:Amex                             -112.00 EUR

2018-12-22 * "DARTY NIORT NIORT" ""
  source: "pdfamex"
  type: "Credit"
  Depenses:Cadeaux
  Passif:AirFrance:Amex                              -59.99 EUR

2018-12-24 * "OUISNCF LOISIRS S.N.C. PARIS" ""
  source: "pdfamex"
  type: "Credit"
  Depenses:Loisirs:Voyages
  Passif:AirFrance:Amex                              -40.00 EUR

2018-12-24 ! "PAYPAL *BRAINSTORMN 5142860253" ""
  source: "pdfamex"
  type: "Credit"
  Depenses:A-CLASSER
  Passif:AirFrance:Amex                              -29.05 EUR

2018-12-30 * "ALI*ALIEXPRESS ALIPAY SINGAPORE 18.99" ""
  source: "pdfamex"
  type: "Credit"
  Depenses:Loisirs:Gadgets
  Passif:AirFrance:Amex                              -17.08 EUR

2018-12-30 ! "AMAZON PAYMENT EUROPE LUXEMBOURG" ""
  source: "pdfamex"
  type: "Credit"
  Depenses:A-CLASSER
  Passif:AirFrance:Amex                              -58.10 EUR

2019-01-02 * "OUISNCF LOISIRS S.N.C. PARIS" ""
  source: "pdfamex"
  type: "Credit"
  Depenses:Loisirs:Voyages
  Passif:AirFrance:Amex                             -122.00 EUR

2019-01-02 * "GOOGLE *GSUITE_FAMILLE G.CO/HELPPAY#" ""
  source: "pdfamex"
  type: "Credit"
  Depenses:Abo:Serveur
  Passif:AirFrance:Amex                              -38.40 EUR

2019-01-02 * "PICARD 282NIORT 282 NIORT" ""
  source: "pdfamex"
  type: "Credit"
  Depenses:Alimentaire:Epicerie
  Passif:AirFrance:Amex                              -47.69 EUR

2019-01-02 * "ADLPARTNER MONTREUIL" ""
  source: "pdfamex"
  type: "Credit"
  Depenses:Loisirs:Culture
  Passif:AirFrance:Amex                               -9.84 EUR

2019-01-09 balance Passif:AirFrance:Amex           -1433.39 EUR
  source: "pdfamex"

;2019-01-14 ! "PRELEVEMENT AUTOMATIQUE ENREGISTRE-MERCI" ""
;  source: "pdfamex"
;  type: "Débit"
;  Actif:NoteDeFrais
;  Passif:AirFrance:Amex                             1433.39 EUR

2019-01-18 * "GOOGLE *GOOGLE STORAGE G.CO/HELPPAY#" ""
  source: "pdfamex"
  type: "Credit"
  Depenses:Abo:Serveur
  Passif:AirFrance:Amex                               -1.99 EUR

2019-01-15 * "BIP & GO SAS ISSY" ""
  source: "pdfamex"
  type: "Credit"
  Depenses:Voitures:Peages
  Passif:AirFrance:Amex                              -30.40 EUR

2019-01-19 * "CASTORAMA NIORT NIORT" ""
  source: "pdfamex"
  type: "Credit"
  Depenses:Immobilier:Travaux
  Passif:AirFrance:Amex                               -7.25 EUR

2019-01-20 * "PICARD 824NIORT 824 NIORT" ""
  source: "pdfamex"
  type: "Credit"
  Depenses:Alimentaire:Epicerie
  Passif:AirFrance:Amex                              -44.86 EUR

2019-02-03 * "AMA EU SARL PRIME_NEW LUXEMBOURG" "Amazon Premium"
  source: "pdfamex"
  type: "Credit"
  Depenses:Loisirs:Gadgets
  Passif:AirFrance:Amex                              -49.00 EUR

2019-02-03 * "GOOGLE*GSUITE FAMILLEGR G.CO HELPPAY#" ""
  source: "pdfamex"
  type: "Credit"
  Depenses:Abo:Serveur
  Passif:AirFrance:Amex                              -38.40 EUR

2019-02-05 * "ADLPARTNER MONTREUIL" ""
  source: "pdfamex"
  type: "Credit"
  Depenses:Loisirs:Culture
  Passif:AirFrance:Amex                               -9.84 EUR

2019-02-10 balance Passif:AirFrance:Amex            -181.74 EUR
  source: "pdfamex"

2019-02-12 * "GOOGLE *GOOGLE PLAY AP G.CO/HELPPAY#" ""
  source: "pdfamex"
  type: "Credit"
  Depenses:Abo:GooglePlay
  Passif:AirFrance:Amex                              -13.99 EUR

2019-02-24 * "AMAZON PAYMENT EUROPE LUXEMBOURG" "Bouteille Chilly's"
  source: "pdfamex"
  type: "Credit"
  Depenses:Equipement
  Passif:AirFrance:Amex                              -30.00 EUR

2019-02-18 * "GOOGLE *GOOGLE STORAGE G.CO/HELPPAY#" ""
  source: "pdfamex"
  type: "Credit"
  Depenses:Abo:Serveur
  Passif:AirFrance:Amex                               -1.99 EUR

2019-02-25 * "PAYPAL *OVH 0820320363" ""
  source: "pdfamex"
  type: "Credit"
  Depenses:Abo:Serveur
  Passif:AirFrance:Amex                              -25.99 EUR

2019-03-01 * "GOOGLE *GSUITE_FAMILLE G.CO/HELPPAY#" ""
  source: "pdfamex"
  type: "Credit"
  Depenses:Abo:Serveur
  Passif:AirFrance:Amex                              -43.20 EUR

2019-03-02 * "UBER EATS HELP.UBER.COM" ""
  source: "pdfamex"
  type: "Credit"
  Depenses:Alimentaire:Restaurant
  Passif:AirFrance:Amex                              -17.85 EUR

2019-03-03 * "AMAZON EU SARL GUYANCOURT" "Carte cadeau pour NZBgeek"
  source: "pdfamex"
  type: "Credit"
  Depenses:Abo:Serveur
  Passif:AirFrance:Amex                              -20.00 EUR

2019-03-03 * "AWS EMEA AWS.AMAZON.CO .78" ""
  source: "pdfamex"
  type: "Credit"
  Depenses:Abo:Serveur
  Passif:AirFrance:Amex                               -0.70 EUR

2019-03-07 * "ADLPARTNER MONTREUIL" ""
  source: "pdfamex"
  type: "Credit"
  Depenses:Loisirs:Culture
  Passif:AirFrance:Amex                               -3.99 EUR

2019-03-10 balance Passif:AirFrance:Amex            -157.71 EUR
  source: "pdfamex"

2019-03-12 * "GOOGLE *GOOGLE PHOTOS G.CO/HELPPAY#" ""
  source: "pdfamex"
  type: "Credit"
  Depenses:Divers
  Passif:AirFrance:Amex                              -60.72 EUR

2019-03-12 * "GOOGLE *GOOGLE PLAY AP G.CO/HELPPAY#" ""
  source: "pdfamex"
  type: "Credit"
  Depenses:Abo:GooglePlay
  Passif:AirFrance:Amex                              -13.99 EUR

2019-03-12 * "Shell 131955 Shell Shel Chavagnes-en-" ""
  source: "pdfamex"
  type: "Credit"
  Actif:NoteDeFrais
  Passif:AirFrance:Amex                              -18.95 EUR

2019-03-17 ! "AMAZON PAYMENT EUROPE LUXEMBOURG" "Bouteilles chilly's"
  source: "pdfamex"
  type: "Credit"
  Depenses:A-CLASSER
  Passif:AirFrance:Amex                              -12.50 EUR

2019-03-14 * "BIP & GO SAS ISSY" ""
  source: "pdfamex"
  type: "Credit"
  Depenses:Voitures:Peages
  Passif:AirFrance:Amex                              -21.80 EUR

2019-03-17 ! "AMAZON PAYMENT EUROPE LUXEMBOURG" "Bouteilles chilly's"
  source: "pdfamex"
  type: "Credit"
  Depenses:A-CLASSER
  Passif:AirFrance:Amex                              -11.00 EUR

2019-03-18 * "GOOGLE *GOOGLE STORAGE G.CO/HELPPAY#" ""
  source: "pdfamex"
  type: "Credit"
  Depenses:Abo:Serveur
  Passif:AirFrance:Amex                               -1.99 EUR

2019-03-31 * "PAYPAL *BRAINSTORMN 5142860253" "One Provider - 3 mois"
  source: "pdfamex"
  type: "Credit"
  Depenses:Abo:Serveur
  Passif:AirFrance:Amex                              -37.05 EUR

2019-03-31 * "AMAZON EU SARL GUYANCOURT" "Pots de yaourt"
  source: "pdfamex"
  type: "Credit"
  Depenses:A-CLASSER
  Passif:AirFrance:Amex                              -11.62 EUR

2019-03-31 * "AMAZON PAYMENT EUROPE LUXEMBOURG" "Anti-Moustiques pour Madagascar"
  source: "pdfamex"
  type: "Credit"
  Depenses:Sante
  Passif:AirFrance:Amex                              -29.88 EUR

2019-04-01 * "AMAZON PAYMENT EUROPE LUXEMBOURG" "Batterie externe Anna"
  source: "pdfamex"
  type: "Credit"
  Depenses:Loisirs:Gadgets
  Passif:AirFrance:Amex                              -17.99 EUR

2019-04-01 * "AMAZON PAYMENT EUROPE LUXEMBOURG" "Retroviseur Prius"
  source: "pdfamex"
  type: "Credit"
  Depenses:Voitures:Entretien
  Passif:AirFrance:Amex                              -27.73 EUR

2019-04-02 * "GOOGLE *GSUITE_FAMILLE G.CO/HELPPAY#" ""
  source: "pdfamex"
  type: "Credit"
  Depenses:Abo:Serveur
  Passif:AirFrance:Amex                              -48.00 EUR

2019-04-03 * "AWS EMEA AWS.AMAZON.CO .96" ""
  source: "pdfamex"
  type: "Credit"
  Depenses:Abo:Serveur
  Passif:AirFrance:Amex                               -0.88 EUR

2019-04-04 * "ADLPARTNER MONTREUIL" ""
  source: "pdfamex"
  type: "Credit"
  Depenses:Loisirs:Culture
  Passif:AirFrance:Amex                               -9.84 EUR

2019-04-08 balance Passif:AirFrance:Amex            -323.94 EUR
  source: "pdfamex"

2019-04-08 ! "WWW.VENTE-PRIVEE.COM FR SAINT DENIS" ""
  source: "pdfamex"
  type: "Credit"
  Depenses:A-CLASSER
  Passif:AirFrance:Amex                             -193.97 EUR

2019-04-12 * "GOOGLE *GOOGLE PLAY AP G.CO/HELPPAY#" ""
  source: "pdfamex"
  type: "Credit"
  Depenses:Abo:GooglePlay
  Passif:AirFrance:Amex                              -13.99 EUR

2019-04-14 ! "AMAZON PAYMENT EUROPE LUXEMBOURG" ""
  source: "pdfamex"
  type: "Credit"
  Depenses:A-CLASSER
  Passif:AirFrance:Amex                              -22.95 EUR

2019-04-18 * "GOOGLE *GOOGLE STORAGE G.CO/HELPPAY#" ""
  source: "pdfamex"
  type: "Credit"
  Depenses:Abo:Serveur
  Passif:AirFrance:Amex                               -1.99 EUR

2019-04-28 * "WWW.LEROYMERLIN.FR SITE LILLE CEDEX 9" ""
  source: "pdfamex"
  type: "Credit"
  Depenses:Immobilier:Travaux
  Passif:AirFrance:Amex                              -81.45 EUR

2019-05-01 * "GOOGLE *GSUITE_FAMILLE G.CO/HELPPAY#" ""
  source: "pdfamex"
  type: "Credit"
  Depenses:Abo:Serveur
  Passif:AirFrance:Amex                              -61.91 EUR

2019-05-03 * "AWS EMEA AWS.AMAZON.CO .96" ""
  source: "pdfamex"
  type: "Credit"
  Depenses:Abo:Serveur
  Passif:AirFrance:Amex                               -0.88 EUR

2019-05-09 balance Passif:AirFrance:Amex            -377.14 EUR
  source: "pdfamex"

2019-05-09 * "ADLPARTNER MONTREUIL" ""
  source: "pdfamex"
  type: "Credit"
  Depenses:Loisirs:Culture
  Passif:AirFrance:Amex                               -9.84 EUR

2019-05-13 * "PAYPAL *AIRBNB HMARTJE 02033181111" ""
  source: "pdfamex"
  type: "Credit"
  Depenses:Loisirs:Voyages
  Passif:AirFrance:Amex                             -313.52 EUR

2019-05-12 * "GOOGLE *GOOGLE PLAY AP G.CO/HELPPAY#" ""
  source: "pdfamex"
  type: "Credit"
  Depenses:Abo:GooglePlay
  Passif:AirFrance:Amex                              -13.99 EUR

2019-05-16 * "BIP & GO SAS ISSY" ""
  source: "pdfamex"
  type: "Credit"
  Depenses:Voitures:Peages
  Passif:AirFrance:Amex                              -47.40 EUR

2019-05-18 * "GOOGLE *GOOGLE STORAGE G.CO/HELPPAY#" ""
  source: "pdfamex"
  type: "Credit"
  Depenses:Abo:Serveur
  Passif:AirFrance:Amex                               -1.99 EUR

2019-05-23 * "ALI*ALIEXPRESS ALIPAY SINGAPORE 38.77" ""
  source: "pdfamex"
  type: "Credit"
  Depenses:Loisirs:Gadgets
  Passif:AirFrance:Amex                              -35.76 EUR

2019-05-23 * "INTERFLORA LYON" ""
  source: "pdfamex"
  type: "Credit"
  Depenses:Cadeaux
  Passif:AirFrance:Amex                              -70.70 EUR

2019-05-26 * "BRASERI ASHKELON 301.00" ""
  source: "pdfamex"
  type: "Credit"
  Actif:NoteDeFrais
  Passif:AirFrance:Amex                              -76.83 EUR

2019-05-26 * "LEONARDO ASHKELON 280.00" ""
  source: "pdfamex"
  type: "Credit"
  Actif:NoteDeFrais
  Passif:AirFrance:Amex                             -257.55 EUR

2019-05-26 * "WEMAKEIT HOD HASHARON 240.00" ""
  source: "pdfamex"
  type: "Credit"
  Actif:NoteDeFrais
  Passif:AirFrance:Amex                              -61.26 EUR

2019-05-26 * "EASYJET*EASYJET EX7BZ3R LUTON" ""
  source: "pdfamex"
  type: "Credit"
  Actif:NoteDeFrais
  Passif:AirFrance:Amex                              -36.38 EUR

2019-05-29 * "LA FARINA AL TAGLIO LOD 67.00" ""
  source: "pdfamex"
  type: "Credit"
  Actif:NoteDeFrais
  Passif:AirFrance:Amex                              -17.08 EUR

2019-06-01 * "GOOGLE *GSUITE_FAMILLE G.CO/HELPPAY#" ""
  source: "pdfamex"
  type: "Credit"
  Depenses:Abo:Serveur
  Passif:AirFrance:Amex                              -62.40 EUR

2019-06-03 * "AWS EMEA AWS.AMAZON.CO .96" ""
  source: "pdfamex"
  type: "Credit"
  Depenses:Abo:Serveur
  Passif:AirFrance:Amex                               -0.88 EUR

2019-06-05 * "ADLPARTNER MONTREUIL" ""
  source: "pdfamex"
  type: "Credit"
  Depenses:Loisirs:Culture
  Passif:AirFrance:Amex                               -3.99 EUR

2019-06-09 balance Passif:AirFrance:Amex           -1009.57 EUR
  source: "pdfamex"

2019-07-09 * "SERVAIR SANDYFORD, DUBL" ""
  source: "pdfamex"
  type: "Credit"
  Actif:NoteDeFrais
  Passif:AirFrance:Amex                              -18.50 EUR

2019-07-11 * "LA FARINA AL TAGLIO LOD 61.70" ""
  source: "pdfamex"
  type: "Credit"
  Actif:NoteDeFrais
  Passif:AirFrance:Amex                              -15.91 EUR

2019-07-12 * "GOOGLE *GOOGLE PLAY AP G.CO/HELPPAY#" ""
  source: "pdfamex"
  type: "Credit"
  Depenses:Abo:GooglePlay
  Passif:AirFrance:Amex                              -13.99 EUR

2019-07-15 * "OUISNCF LOISIRS S.N.C. PARIS" ""
  source: "pdfamex"
  type: "Credit"
  Depenses:Loisirs:Voyages
  Passif:AirFrance:Amex                             -287.00 EUR

2019-07-18 * "GOOGLE *GOOGLE STORAGE G.CO/HELPPAY#" ""
  source: "pdfamex"
  type: "Credit"
  Depenses:Abo:Serveur
  Passif:AirFrance:Amex                               -1.99 EUR

2019-07-19 * "ALI*ALIEXPRESS ALIEXPRE SINGAPORE 10.39" ""
  source: "pdfamex"
  type: "Credit"
  Depenses:Loisirs:Gadgets
  Passif:AirFrance:Amex                               -9.52 EUR

2019-07-20 * "WWW.LEROYMERLIN.FR SITE LILLE CEDEX 9" ""
  source: "pdfamex"
  type: "Credit"
  Depenses:Immobilier:Travaux
  Passif:AirFrance:Amex                             -239.40 EUR

2019-07-21 * "ALI*ALIEXPRESS ALIEXPRE SINGAPORE 25.38" ""
  source: "pdfamex"
  type: "Credit"
  Depenses:Loisirs:Gadgets
  Passif:AirFrance:Amex                              -23.26 EUR

2019-07-22 * "GOOGLE *GOOGLE PHOTOS G.CO/HELPPAY#" ""
  source: "pdfamex"
  type: "Credit"
  Depenses:Divers
  Passif:AirFrance:Amex                             -162.37 EUR

2019-07-23 * "PAYPAL *AIRBNB HMARTJE 02033181111" ""
  source: "pdfamex"
  type: "Credit"
  Depenses:Loisirs:Voyages
  Passif:AirFrance:Amex                             -435.62 EUR

2019-08-01 * "GOOGLE *GSUITE_FAMILLE G.CO/HELPPAY#" ""
  source: "pdfamex"
  type: "Credit"
  Depenses:Abo:Serveur
  Passif:AirFrance:Amex                              -62.40 EUR

2019-08-02 * "AMZN MKTP US*MA1CJ2XS1 AMZN.COM/BILL" ""
  source: "pdfamex"
  type: "Credit"
  Depenses:Abo:Serveur
  Passif:AirFrance:Amex                              -16.95 EUR

2019-08-02 * "AWS EMEA AWS.AMAZON.CO .96" ""
  source: "pdfamex"
  type: "Credit"
  Depenses:Abo:Serveur
  Passif:AirFrance:Amex                               -0.89 EUR

2019-08-06 * "PAYPAL *BIKECOMPONE 2405450045" "" #VeloTim
  source: "pdfamex"
  type: "Débit"
  Depenses:Loisirs:Velos
  Passif:AirFrance:Amex                               17.65 EUR

2019-08-07 * "ADLPARTNER MONTREUIL" ""
  source: "pdfamex"
  type: "Credit"
  Depenses:Loisirs:Culture
  Passif:AirFrance:Amex                               -9.84 EUR

2019-08-09 balance Passif:AirFrance:Amex           -1279.99 EUR
  source: "pdfamex"

2019-06-09 * "AMAZON EU SARL GUYANCOURT" "Piles"
  document: "2019-06-09 404-7307852-8924311.pdf"
  source: "pdfamex"
  type: "Credit"
  Depenses:Equipement
  Passif:AirFrance:Amex                               -5.48 EUR

2019-06-12 * "GOOGLE *GOOGLE PLAY AP G.CO/HELPPAY#" ""
  source: "pdfamex"
  type: "Credit"
  Depenses:Abo:GooglePlay
  Passif:AirFrance:Amex                              -13.99 EUR

2019-06-13 * "LEONARDO ASHKELON 140.00" ""
  source: "pdfamex"
  type: "Credit"
  Actif:NoteDeFrais
  Passif:AirFrance:Amex                             -127.30 EUR

2019-06-14 * "GATE RETAIL LUTON," ""
  source: "pdfamex"
  type: "Credit"
  Actif:NoteDeFrais
  Passif:AirFrance:Amex                              -18.00 EUR

2019-06-15 * "LA FARINA AL TAGLIO LOD 19.00" ""
  source: "pdfamex"
  type: "Credit"
  Actif:NoteDeFrais
  Passif:AirFrance:Amex                               -4.82 EUR

2019-06-13 * "WEMAKEIT HOD HASHARON 160.00" ""
  source: "pdfamex"
  type: "Credit"
  Actif:NoteDeFrais
  Passif:AirFrance:Amex                              -40.67 EUR

2019-06-16 * "BURGERANCH DUTY FREE lud airport 26.00" ""
  source: "pdfamex"
  type: "Credit"
  Actif:NoteDeFrais
  Passif:AirFrance:Amex                               -6.59 EUR

2019-06-16 * "BURGERANCH DUTY FREE lud airport 52.00" ""
  source: "pdfamex"
  type: "Credit"
  Actif:NoteDeFrais
  Passif:AirFrance:Amex                              -13.19 EUR

2019-06-18 * "BIP & GO SAS ISSY" ""
  source: "pdfamex"
  type: "Credit"
  Depenses:Voitures:Peages
  Passif:AirFrance:Amex                               -8.00 EUR

2019-06-18 * "GOOGLE *GOOGLE STORAGE G.CO/HELPPAY#" ""
  source: "pdfamex"
  type: "Credit"
  Depenses:Abo:Serveur
  Passif:AirFrance:Amex                               -1.99 EUR

2019-06-19 * "AMAZON PAYMENT EUROPE LUXEMBOURG" "Filtre Frigo"
  document: "2019-06-19 404-0265082-1426779.pdf"
  source: "pdfamex"
  type: "Credit"
  Depenses:Equipement
  Passif:AirFrance:Amex                              -18.38 EUR

2019-06-20 * "UBER TRIP HELP.UBER.COM 1.00" ""
  source: "pdfamex"
  type: "Credit"
  Actif:NoteDeFrais
  Passif:AirFrance:Amex                               -0.91 EUR

2019-06-29 * "PAYPAL *CESUR BIKES 4029357733" "" #VeloTim
  source: "pdfamex"
  type: "Credit"
  Depenses:Loisirs:Velos
  Passif:AirFrance:Amex                              -32.08 EUR

2019-06-20 * "UBER TRIP HELP.UBER.COM 7.96" ""
  source: "pdfamex"
  type: "Credit"
  Actif:NoteDeFrais
  Passif:AirFrance:Amex                               -7.31 EUR

2019-06-30 * "PAYPAL *BIKEBUDE24 4029357733" "" #VeloTim
  source: "pdfamex"
  type: "Credit"
  Depenses:Loisirs:Velos
  Passif:AirFrance:Amex                             -612.99 EUR

2019-07-01 * "PAYPAL *XXCYCLE 0687340140" "" #VeloTim
  source: "pdfamex"
  type: "Credit"
  Depenses:Loisirs:Velos
  Passif:AirFrance:Amex                              -88.97 EUR

2019-07-01 * "PAYPAL *BIKECOMPONE 2405450045" "" #VeloTim
  source: "pdfamex"
  type: "Credit"
  Depenses:Loisirs:Velos
  Passif:AirFrance:Amex                             -330.33 EUR

2019-07-02 * "GOOGLE *GSUITE_FAMILLE G.CO/HELPPAY#" ""
  source: "pdfamex"
  type: "Credit"
  Depenses:Abo:Serveur
  Passif:AirFrance:Amex                              -74.40 EUR

2019-07-03 * "ALI*ALIEXPRESS ALIEXPRE SINGAPORE 423.47" "Batterie BBS" #VeloTim
  source: "pdfamex"
  type: "Credit"
  Depenses:Loisirs:Velos
  Passif:AirFrance:Amex                             -385.78 EUR

2019-07-03 * "ADLPARTNER MONTREUIL" ""
  source: "pdfamex"
  type: "Credit"
  Depenses:Loisirs:Culture
  Passif:AirFrance:Amex                               -9.84 EUR

2019-07-04 * "PAYPAL *BRAINSTORMN 5142860253" "OneProvider"
  source: "pdfamex"
  type: "Credit"
  Depenses:Abo:Serveur
  Passif:AirFrance:Amex                              -37.05 EUR

2019-07-08 * "KAKAO ASHQELON 221.00" ""
  source: "pdfamex"
  type: "Credit"
  Actif:NoteDeFrais
  Passif:AirFrance:Amex                              -56.67 EUR

2019-07-04 * "AWS EMEA AWS.AMAZON.CO .96" ""
  source: "pdfamex"
  type: "Credit"
  Depenses:Abo:Serveur
  Passif:AirFrance:Amex                               -0.87 EUR

2019-07-08 * "LEONARDO ASHKELON 280.00" ""
  source: "pdfamex"
  type: "Credit"
  Actif:NoteDeFrais
  Passif:AirFrance:Amex                             -256.88 EUR

2019-07-09 * "COTISATION - MERCI POUR VOTRE CONFIANCE." ""
  source: "pdfamex"
  type: "Credit"
  Depenses:Banque:Frais
  Passif:AirFrance:Amex                             -165.00 EUR

2019-07-09 balance Passif:AirFrance:Amex           -2152.49 EUR
  source: "pdfamex"

2019-08-19 balance  Passif:AirFrance:Amex              0.00 EUR

1981-02-07 custom "fava-option" "insert-entry" "Passif:AirFrance:Amex"

** Livrets

2007-09-07 open Actif:Boursorama:CELTim                     EUR
  account: "00030269844"
2007-09-08 pad  Actif:Boursorama:CELTim  Equity:Opening-Balances
2019-08-19 balance  Actif:Boursorama:CELTim         6810.74 EUR

2007-09-07 open Actif:Boursorama:LDDJoint                   EUR
  account: "00020132893"
2007-09-08 pad  Actif:Boursorama:LDDJoint  Equity:Opening-Balances
2019-08-19 balance  Actif:Boursorama:LDDJoint         44.16 EUR

2004-07-19 open Actif:Boursorama:CELAnna                    EUR
  account: "00030305440"
2004-07-20 pad  Actif:Boursorama:CELAnna  Equity:Opening-Balances
2019-08-19 balance  Actif:Boursorama:CELAnna        3818.69 EUR

2007-07-20 open Actif:Boursorama:PELAnna                    EUR
  account: "00031305390"
2007-07-21 pad  Actif:Boursorama:PELAnna  Equity:Opening-Balances
2019-08-19 balance  Actif:Boursorama:PELAnna        6334.34 EUR

2007-09-07 open Actif:Boursorama:LDDAnna                    EUR
  account: "00020871896"
2007-09-08 pad  Actif:Boursorama:LDDAnna  Equity:Opening-Balances
2019-08-19 balance  Actif:Boursorama:LDDAnna         217.16 EUR

1980-06-21 open Actif:BanquePostale:LAAnna                  EUR
  account: "00040239557"
2000-01-01 pad  Actif:BanquePostale:LAAnna  Equity:Opening-Balances

2018-12-31 * "Versement interets"
  Actif:BanquePostale:LAAnna                           60.5 EUR
  Revenus:Interets

2019-08-03 * "" "Versement cash issu du don Parents"
  Actif:BanquePostale:LAAnna                           2000 EUR
  Actif:Cash

2019-08-23 balance  Actif:BanquePostale:LAAnna     10126.72 EUR

** Emprunts

2016-02-26 open   Passif:Boursorama:EmpruntRP               EUR
  account: "00060686223"
2016-02-27 pad    Passif:Boursorama:EmpruntRP  Equity:Opening-Balances
2019-08-19 balance  Passif:Boursorama:EmpruntRP  -119731.74 EUR

2019-08-05 open   Passif:Boursorama:PretConso               EUR
  account: "00060818936"
2019-08-19 balance  Passif:Boursorama:PretConso      -10000 EUR

2018-08-01 open   Passif:Linxea:Avance                      EUR
  account: ""
2019-08-19 balance  Passif:Linxea:Avance             -20000 EUR

** Placements
*** Bourse
2006-12-05 open Actif:Bink:CTO:Cash                         EUR
;  account: "P54112927"
;2006-12-06 pad  Actif:Bink:CTO:Cash   Equity:Opening-Balances
;2019-08-19 balance  Actif:Bink:CTO                38691.60 EUR

2006-12-05 open Actif:Bink:PEA:Cash                         EUR
;  account: "P54112927"
;2006-12-06 pad  Actif:Bink:PEA:Cash   Equity:Opening-Balances
;2019-08-19 balance  Actif:Bink:CTO                38691.60 EUR

*** Investissement TECNAL

2018-07-04 open   Actif:Boursorama:PEAPME:Cash              EUR
  account: "00088206518"

2018-07-04 * "Depot Ouverture"
    Actif:Boursorama:PEAPME:Cash                         10 EUR
    Actif:Boursorama:CCTim                              -10 EUR

2018-08-01 * "Avance AV pour financer invest Synext"
    Passif:Linxea:Avance                             -20000 EUR
    Actif:Boursorama:CCTim                            20000 EUR

2018-10-16 * "Virement pour invest Pole Laitier"
    Actif:Boursorama:PEAPME:Cash                      11550 EUR
    Actif:Boursorama:CCTim                           -11550 EUR

2018-10-16 open   Actif:Nominatif:CTS2                      CTS2

2018-11-14 * "Investissement CTS1"
  Actif:Nominatif:CTS2                                 8946 CTS2 {1 EUR}
  Actif:Boursorama:CCTim

2018-11-14 open   Actif:Boursorama:PEAPME:CTS1              CTS1

2018-11-14 * "Investissement CTS1"
  Actif:Boursorama:PEAPME:CTS1                        11054 CTS1 {1 EUR}
  Depenses:Banque:Frais                                 500 EUR
  Actif:Boursorama:PEAPME:Cash

*** Assurances Vie

2006-12-05 open Actif:Linxea:AVTim1                         EUR
  account: "P54112927"
2006-12-06 pad  Actif:Linxea:AVTim1   Equity:Opening-Balances
2019-08-19 balance  Actif:Linxea:AVTim1            38691.60 EUR

2013-08-26 open Actif:Boursorama:AVTim2                     EUR
  account: "51517852"
2013-08-27 pad  Actif:Boursorama:AVTim2   Equity:Opening-Balances
2019-08-19 balance  Actif:Boursorama:AVTim2        15391.08 EUR

2011-04-07 open Actif:Linxea:CapiElise                      EUR
  account: "265179379"
2011-04-08 pad  Actif:Linxea:CapiElise   Equity:Opening-Balances
2019-08-19 balance  Actif:Linxea:CapiElise          7170.70 EUR

2015-03-27 open Actif:Linxea:CapiFelicien                   EUR
  account: "264674814"
2015-03-28 pad  Actif:Linxea:CapiFelicien   Equity:Opening-Balances
2019-08-19 balance  Actif:Linxea:CapiFelicien       3550.60 EUR

2013-11-16 open Actif:Boursorama:AVAnna1                    EUR
  account: "51519425"
2013-11-17 pad  Actif:Boursorama:AVAnna1  Equity:Opening-Balances
2019-08-19 balance  Actif:Boursorama:AVAnna1        7509.28 EUR

2015-11-05 open Actif:Boursorama:AVAnna2                    EUR
  account: "51817812"
2015-11-06 pad  Actif:Boursorama:AVAnna2  Equity:Opening-Balances
2019-08-19 balance  Actif:Boursorama:AVAnna2       21818.58 EUR

** Immobilier

2016-02-26 open Actif:Immobilier:RP                         RESIDENCE_PRINCIPALE

2016-02-26 * "Achat de la maison rue Villersexel"
  Actif:Immobilier:RP                                     1 RESIDENCE_PRINCIPALE {255000 EUR}
  Actif:Boursorama:CCJoint
  Passif:Boursorama:EmpruntRP                       -155000 EUR
  Depenses:Immobilier:FraisNotaire                   -19500 EUR

2018-12-15 open Actif:Immobilier:RPParents                  RP_PARENTS

2018-12-15 * "Transmission nue-Prop RP par les parents"
  Actif:Immobilier:RPParents                           0.25 RP_PARENTS {580000*0.6 EUR}
  Revenus:Cerises

2018-12-15 open Actif:Immobilier:JardinsEurope              JARDINSEUROPE

2018-12-15 * "Transmission nue-Prop Jardins de l'Europe par les parents"
  Actif:Immobilier:JardinsEurope                          1 JARDINSEUROPE {100000*0.6 EUR}
  Revenus:Cerises

** Frais en attente de remboursement
1981-02-07 open Actif:NoteDeFrais 


* Comptes Revenus et Depenses

1981-07-02 open Depenses:Abo:Apple                          EUR
1981-07-02 open Depenses:Abo:GooglePlay                     EUR
1981-07-02 open Depenses:Abo:Musique                        EUR
1981-07-02 open Depenses:Abo:Elec                           EUR
1981-07-02 open Depenses:Abo:Eau                            EUR
1981-07-02 open Depenses:Abo:Gaz                            EUR
1981-07-02 open Depenses:Abo:Telephone                      EUR
1981-07-02 open Depenses:Abo:Internet                       EUR
1981-07-02 open Depenses:Abo:Serveur                        EUR
1981-07-02 open Depenses:Alimentaire:Epicerie               EUR
1981-07-02 open Depenses:Alimentaire:Restaurant             EUR
1981-07-02 open Depenses:Alimentaire:VinsEtAlcool           EUR
1981-07-02 open Depenses:Assurance:CB                       EUR
1981-07-02 open Depenses:Banque:Frais                       EUR
1981-07-02 open Depenses:Cadeaux                            EUR
1981-07-02 open Depenses:Coiffeur                           EUR
1981-07-02 open Depenses:Divers                             EUR
1981-07-02 open Depenses:Equipement                         EUR
1981-07-02 open Depenses:Enfants:Coiffeur                   EUR
1981-07-02 open Depenses:Enfants:Scolarite                  EUR
1981-07-02 open Depenses:Enfants:Loisirs                    EUR
1981-07-02 open Depenses:Habillement                        EUR
1981-07-02 open Depenses:Immobilier:FraisNotaire            EUR
1981-07-02 open Depenses:Immobilier:Travaux                 EUR
1981-07-02 open Depenses:Immobilier:Bricolage               EUR
1981-07-02 open Depenses:Immobilier:Assurance               EUR
1981-07-02 open Depenses:Immobilier:Menage:Salaire          EUR
1981-07-02 open Depenses:Immobilier:Menage:Charges          EUR
1981-07-02 open Depenses:Impots:IR                          EUR
1981-07-02 open Depenses:Impots:TH                          EUR
1981-07-02 open Depenses:Impots:TF                          EUR
1981-07-02 open Depenses:Loisirs:Billeterie                 EUR
1981-07-02 open Depenses:Loisirs:Culture                    EUR
1981-07-02 open Depenses:Loisirs:Couture                    EUR
1981-07-02 open Depenses:Loisirs:Gadgets                    EUR
1981-07-02 open Depenses:Loisirs:Voyages                    EUR
1981-07-02 open Depenses:Loisirs:Velos                      EUR
1981-07-02 open Depenses:Sante                              EUR
1981-07-02 open Depenses:Voitures:Achats                    EUR
1981-07-02 open Depenses:Voitures:Carburant                 EUR
1981-07-02 open Depenses:Voitures:Assurance                 EUR
1981-07-02 open Depenses:Voitures:Peages                    EUR
1981-07-02 open Depenses:Voitures:Entretien                 EUR
1981-07-02 open Depenses:A-CLASSER                          EUR

1981-07-02 open Revenus:CAF                                 EUR
1981-07-02 open Revenus:Cerises                             EUR
1981-07-02 open Revenus:VentesAnna                          EUR
1981-07-02 open Revenus:Interets                            EUR
1981-07-02 open Revenus:Salaires:Tecnal                     EUR
1981-07-02 open Revenus:Salaires:CHNiort                    EUR

* Cash Daybook
;; This is a section you can use to enter transactions by hand,
;; that is, not from imported OFX files.
;test
1981-07-02 open Actif:Cash                                  EUR
1981-07-03 pad  Actif:Cash  Equity:Opening-Balances
2019-08-23 balance  Actif:Cash                         7000 EUR







