;; -*- mode: org; mode: beancount; coding: utf-8; fill-column: 400; -*-


* Initialization

** Options

option "title" "Comptes Famille Gros"

option "operating_currency" "EUR"
option "name_assets" "Actif"
option "name_liabilities" "Passif"
option "name_equity" "Equity"
option "name_income" "Revenus"
option "name_expenses" "Depenses"
option "documents" "./"

;; Options propres à FAVA
1981-02-07 custom "fava-option" "interval" "month"
1981-02-07 custom "fava-option" "import-config" "./Famille.import"
1981-02-07 custom "fava-option" "import-dirs" "./A_Importer"
1981-02-07 custom "fava-extension" "myAutoCommit"

** General Accounts
;; We need to declare a few general accounts that we will use below.

;; Declare some sort of account to use as the source for padding
;; entries (see below). Use your birth date... that's when you began
;; accumulating equity!
1981-02-07 open Equity:Opening-Balances                     EUR

** Events
;; This is a section where I declare some general properties.

;; Enter the date when this address last changed and its curent value.
;2008-07-01 event "address" "12345 Brick Lane, New York City, NY 10011, USD"

;; Same thing with your employer.
1981-07-02 event "Ma Vie" "Naissance !"

** Commodities
;; https://github.com/ghislainbourgeois/beancount_portfolio_allocation

1999-01-01 commodity EUR
  asset-class: "cash"
  asset-subclass: "cash"

2018-10-01 commodity CTS1
  asset-class: "actions"
  asset-subclass: "PME"
  
2018-10-01 commodity CTS2
  asset-class: "actions"
  asset-subclass: "PME"

2016-02-26 commodity RESIDENCE_PRINCIPALE
  asset-class: "Immo"
  asset-subclass: "Residentiel"

1998-01-01 commodity RP_PARENTS
  asset-class: "Immo"
  asset-subclass: "Residentiel"

2018-01-01 commodity JARDINSEUROPE
  asset-class: "Immo"
  asset-subclass: "Locatif"
  
* Comptes
** Comptes Courants
*** CCTim
2013-08-26 open Actif:Boursorama:CCTim
  account: "00040132901"
2013-08-27 pad  Actif:Boursorama:CCTim  Equity:Opening-Balances

2019-01-01 balance  Actif:Boursorama:CCTim          6534.49 EUR
2019-01-02 * "VIR Versement Mensuel TG" ""
  source: "qif"
  Actif:Boursorama:CCJoint                          1500.00 EUR
  Actif:Boursorama:CCTim                           -1500.00 EUR

2019-01-02 ! "REM CHQ N. 0688464" ""
  source: "qif"
  Actif:Boursorama:CCJoint                            50.00 EUR
  Revenus:VentesAnna                                 -50.00 EUR

2019-01-07 * "VIR interne" ""
  source: "qif"
  Actif:Boursorama:CCJoint                          1500.00 EUR
  Actif:Boursorama:CCTim                           -1500.00 EUR

2019-02-04 * "VIR Versement Mensuel TG" ""
  source: "qif"
  Actif:Boursorama:CCJoint                          1500.00 EUR
  Actif:Boursorama:CCTim                           -1500.00 EUR

2019-03-04 * "VIR Versement Mensuel TG" ""
  source: "qif"
  Actif:Boursorama:CCJoint                          1500.00 EUR
  Actif:Boursorama:CCTim                           -1500.00 EUR

2019-03-05 * "PRLV SEPA FREE MOBILE" ""
  source: "qif"
  Actif:Boursorama:CCJoint                            -4.70 EUR
  Depenses:Abo:Telephone                               4.70 EUR

2019-04-02 * "VIR Versement Mensuel TG" ""
  source: "qif"
  Actif:Boursorama:CCJoint                          1500.00 EUR
  Actif:Boursorama:CCTim                           -1500.00 EUR

2019-05-02 * "VIR Versement Mensuel TG" ""
  source: "qif"
  Actif:Boursorama:CCJoint                          1500.00 EUR
  Actif:Boursorama:CCTim                           -1500.00 EUR

2019-06-03 * "VIR Versement Mensuel TG" ""
  source: "qif"
  Actif:Boursorama:CCJoint                          1500.00 EUR
  Actif:Boursorama:CCTim                           -1500.00 EUR

2019-07-02 * "VIR Versement Mensuel TG" ""
  source: "qif"
  Actif:Boursorama:CCJoint                          1500.00 EUR
  Actif:Boursorama:CCTim                           -1500.00 EUR

2019-01-02 * "Relev{ diff{r{ Carte 4979********1974" ""
  source: "qif"
  Actif:Boursorama:CCTim                           -1295.79 EUR
  Passif:Boursorama:CBTim                           1295.79 EUR

2019-01-07 * "CHQ. N.0255103" ""
  source: "qif"
  Actif:Boursorama:CCTim                            -110.00 EUR
  Depenses:Immobilier:Menage:Salaire                 110.00 EUR

2019-01-08 * "PRLV SEPA Free Telecom" ""
  source: "qif"
  Actif:Boursorama:CCTim                              -9.99 EUR
  Depenses:Abo:Internet                                9.99 EUR

2019-01-08 * "*INTERETS DEBITEURS AU 31/12/18" ""
  source: "qif"
  Actif:Boursorama:CCTim                              -2.34 EUR
  Depenses:Banque:Frais                                2.34 EUR

2019-01-09 * "VIR SEPA SAS TECNAL" ""
  source: "qif"
  Actif:Boursorama:CCTim                             530.31 EUR
  Actif:NoteDeFrais                                 -530.31 EUR

2019-01-10 * "PRLV SEPA GENERALI VIE SA" ""
  source: "qif"
  Actif:Boursorama:CCTim                            -150.00 EUR
  Actif:Linxea:AVTim1                                150.00 EUR

2019-01-10 * "VIR SEPA GROS Timothee" ""
  source: "qif"
  Actif:Boursorama:CCTim                            -150.00 EUR
  Actif:Bink:CTO:Cash                                150.00 EUR

2019-01-11 * "VIR SEPA BOULON GILLES JE" ""
  source: "qif"
  Actif:Boursorama:CCTim                               8.00 EUR
  Depenses:Abo:Serveur                                -8.00 EUR

2019-01-15 * "PRLV SEPA GENERALI VIE SA" ""
  source: "qif"
  Actif:Boursorama:CCTim                            -150.00 EUR
  Actif:Boursorama:AVTim2                            150.00 EUR

2019-01-16 * "PRLV SEPA American Express Carte-France" ""
  source: "qif"
  Actif:Boursorama:CCTim                           -1433.39 EUR
  Passif:AirFrance:Amex                             1433.39 EUR

2019-01-17 ! "CHQ. N.0255105" ""
  source: "qif"
  Actif:Boursorama:CCTim                             -57.00 EUR
  Depenses:A-CLASSER                                  57.00 EUR

2019-01-22 ! "CHQ. N.0255106" ""
  source: "qif"
  Actif:Boursorama:CCTim                             -55.00 EUR
  Depenses:A-CLASSER                                  55.00 EUR

2019-01-29 * "RETRAIT DAB 26012019 NIORT       CB*1974" ""
  source: "qif"
  Actif:Boursorama:CCTim                             -20.00 EUR
  Actif:Cash                                          20.00 EUR

2019-01-31 * "VIR SEPA TECNAL S.A.S" ""
  source: "qif"
  Actif:Boursorama:CCTim                            3160.45 EUR
  Revenus:Salaires:Tecnal                          -3160.45 EUR

2019-02-01 balance  Actif:Boursorama:CCTim          3799.74 EUR

2019-02-01 * "Relev{ diff{r{ Carte 4979********1974" ""
  source: "qif"
  Actif:Boursorama:CCTim                            -728.64 EUR
  Passif:Boursorama:CBTim                            728.64 EUR

2019-02-01 * "Relev{ diff{r{ Carte 4979********1974" ""
  source: "qif"
  Actif:Boursorama:CCTim                              27.50 EUR
  Passif:Boursorama:CBTim                            -27.50 EUR

2019-02-01 ! "CHQ. N.0255104" ""
  source: "qif"
  Actif:Boursorama:CCTim                             -20.00 EUR
  Depenses:A-CLASSER                                  20.00 EUR

2019-02-04 * "RETRAIT DAB 02022019 NIORT       CB*1974" ""
  source: "qif"
  Actif:Boursorama:CCTim                             -20.00 EUR
  Actif:Cash                                          20.00 EUR

2019-02-05 ! "CHQ. N.0255107" ""
  source: "qif"
  Actif:Boursorama:CCTim                             -10.00 EUR
  Depenses:A-CLASSER                                  10.00 EUR

2019-02-05 * "PRLV SEPA SURAVENIR" ""
  source: "qif"
  Actif:Boursorama:CCTim                            -150.00 EUR
  Actif:Linxea:CapiElise                             150.00 EUR

2019-02-06 * "CHQ. N.1738268" ""
  source: "qif"
  Actif:Boursorama:CCTim                            -120.00 EUR
  Depenses:Immobilier:Menage:Salaire                 120.00 EUR

2019-02-06 * "PRLV SEPA Free Telecom" ""
  source: "qif"
  Actif:Boursorama:CCTim                              -9.99 EUR
  Depenses:Abo:Internet                                9.99 EUR

2019-02-11 * "PRLV SEPA SURAVENIR" ""
  source: "qif"
  Actif:Boursorama:CCTim                            -155.13 EUR
  Actif:Linxea:CapiFelicien                          155.13 EUR

2019-02-11 * "PRLV SEPA GENERALI VIE SA" ""
  source: "qif"
  Actif:Boursorama:CCTim                            -150.00 EUR
  Actif:Linxea:AVTim1                                150.00 EUR

2019-02-11 * "VIR SEPA GROS Timothee" ""
  source: "qif"
  Actif:Boursorama:CCTim                            -150.00 EUR
  Actif:Bink:CTO:Cash                                150.00 EUR

2019-02-11 * "VIR SEPA BOULON GILLES JE" ""
  source: "qif"
  Actif:Boursorama:CCTim                               8.00 EUR
  Depenses:Abo:Serveur                                -8.00 EUR

2019-02-12 * "PRLV SEPA GENERALI VIE SA" ""
  source: "qif"
  Actif:Boursorama:CCTim                            -150.00 EUR
  Actif:Boursorama:AVTim2                            150.00 EUR

2019-02-14 * "PRLV SEPA American Express Carte-France" ""
  source: "qif"
  Actif:Boursorama:CCTim                            -181.74 EUR
  Passif:AirFrance:Amex                              181.74 EUR

2019-02-21 ! "CHQ. N.0255101" ""
  source: "qif"
  Actif:Boursorama:CCTim                             -10.00 EUR
  Depenses:A-CLASSER                                  10.00 EUR

2019-02-21 ! "CHQ. N.0255102" ""
  source: "qif"
  Actif:Boursorama:CCTim                            -160.00 EUR
  Depenses:A-CLASSER                                 160.00 EUR

2019-02-28 * "VIR SEPA TECNAL S.A.S" ""
  source: "qif"
  Actif:Boursorama:CCTim                            3140.89 EUR
  Revenus:Salaires:Tecnal                          -3140.89 EUR

2019-03-01 balance  Actif:Boursorama:CCTim          3460.63 EUR

2019-03-01 * "Relev{ diff{r{ Carte 4979********1974" ""
  source: "qif"
  Actif:Boursorama:CCTim                           -1288.40 EUR
  Passif:Boursorama:CBTim                           1288.40 EUR

2019-03-07 * "PRLV SEPA Free Telecom" ""
  source: "qif"
  Actif:Boursorama:CCTim                              -9.99 EUR
  Depenses:Abo:Internet                                9.99 EUR

2019-03-07 * "CHQ. N.1738273" ""
  source: "qif"
  Actif:Boursorama:CCTim                             -96.00 EUR
  Depenses:Immobilier:Menage:Salaire                  96.00 EUR

2019-03-11 * "PRLV SEPA GENERALI VIE SA" ""
  source: "qif"
  Actif:Boursorama:CCTim                            -150.00 EUR
  Actif:Linxea:AVTim1                                150.00 EUR

2019-03-11 * "VIR SEPA GROS Timothee" ""
  source: "qif"
  Actif:Boursorama:CCTim                            -150.00 EUR
  Actif:Bink:CTO:Cash                                150.00 EUR

2019-03-11 * "VIR SEPA BOULON GILLES JE" ""
  source: "qif"
  Actif:Boursorama:CCTim                               8.00 EUR
  Depenses:Abo:Serveur                                -8.00 EUR

2019-03-13 * "PRLV SEPA GENERALI VIE SA" ""
  source: "qif"
  Actif:Boursorama:CCTim                            -150.00 EUR
  Actif:Boursorama:AVTim2                            150.00 EUR

2019-03-12 * "CHQ. N.1738270" "Psy Anna"
  source: "qif"
  Actif:Boursorama:CCTim                             -55.00 EUR
  Depenses:Sante                                      55.00 EUR

2019-03-14 * "PRLV SEPA American Express Carte-France" ""
  source: "qif"
  Actif:Boursorama:CCTim                            -157.71 EUR
  Passif:AirFrance:Amex                              157.71 EUR

2019-03-15 * "VIR SEPA LEROUX YANNICK" ""
  source: "qif"
  Actif:Boursorama:CCTim                               8.00 EUR
  Depenses:Abo:Serveur                                -8.00 EUR

2019-03-27 * "CHQ. N.1738269" "APEL"
  source: "qif"
  Actif:Boursorama:CCTim                             -20.00 EUR
  Depenses:Enfants:Scolarite                          20.00 EUR

2019-03-29 * "VIR SEPA TECNAL S.A.S" ""
  source: "qif"
  Actif:Boursorama:CCTim                            3124.92 EUR
  Revenus:Salaires:Tecnal                          -3124.92 EUR
  
2019-04-01 balance  Actif:Boursorama:CCTim          3024.45 EUR

2019-04-01 * "Relev{ diff{r{ Carte 4979********1974" ""
  source: "qif"
  Actif:Boursorama:CCTim                            -753.56 EUR
  Passif:Boursorama:CBTim                            753.56 EUR

2019-04-02 * "RETRAIT DAB 30/03/19 NIORT       CB*1974" ""
  source: "qif"
  Actif:Boursorama:CCTim                             -50.00 EUR
  Actif:Cash                                          50.00 EUR

2019-04-05 * "PRLV SEPA Free Telecom" ""
  source: "qif"
  Actif:Boursorama:CCTim                              -9.99 EUR
  Depenses:Abo:Internet                                9.99 EUR

2019-04-05 * "*INTERETS DEBITEURS AU 31/03/19" ""
  source: "qif"
  Actif:Boursorama:CCTim                              -0.24 EUR
  Depenses:Banque:Frais                                0.24 EUR

2019-04-08 ! "VIR SEPA FACILITY" ""
  source: "qif"
  Actif:Boursorama:CCTim                              70.00 EUR
  Depenses:A-CLASSER                                 -70.00 EUR

2019-04-09 * "RETRAIT DAB 06/04/19 NIORT       CB*1974" ""
  source: "qif"
  Actif:Boursorama:CCTim                             -50.00 EUR
  Actif:Cash                                          50.00 EUR

2019-04-10 * "VIR SEPA GROS Timothee" ""
  source: "qif"
  Actif:Boursorama:CCTim                            -150.00 EUR
  Actif:Bink:CTO:Cash                                150.00 EUR

2019-04-11 * "PRLV SEPA GENERALI VIE SA" ""
  source: "qif"
  Actif:Boursorama:CCTim                            -150.00 EUR
  Actif:Linxea:AVTim1                                150.00 EUR

2019-04-12 * "PRLV SEPA GENERALI VIE SA" ""
  source: "qif"
  Actif:Boursorama:CCTim                            -150.00 EUR
  Actif:Boursorama:AVTim2                            150.00 EUR

2019-04-15 * "PRLV SEPA American Express Carte-France" ""
  source: "qif"
  Actif:Boursorama:CCTim                            -323.94 EUR
  Passif:AirFrance:Amex                              323.94 EUR

2019-04-11 * "VIR SEPA BOULON GILLES JE" ""
  source: "qif"
  Actif:Boursorama:CCTim                               8.00 EUR
  Depenses:Abo:Serveur                                -8.00 EUR

2019-04-15 * "VIR SEPA M.OU MME LEROUX YANNICK" ""
  source: "qif"
  Actif:Boursorama:CCTim                              10.40 EUR
  Depenses:Abo:Serveur                               -10.40 EUR

2019-04-17 * "*CION CB OP. ETR 04/19 BOAMGXB-GAB-1-" ""
  source: "qif"
  Actif:Boursorama:CCTim                              -3.88 EUR
  Depenses:Banque:Frais                                3.88 EUR

2019-04-17 * "RETRAIT DAB 16/04/19 BOAMGXB-GAB CB*1974" "Retrait à Madagascar"
  source: "qif"
  Actif:Boursorama:CCTim                            -200.22 EUR
  Depenses:Loisirs:Voyages                           200.22 EUR

2019-04-17 * "*CION CB OP. ETR 04/19 BOAMGXB-GAB-1-" ""
  source: "qif"
  Actif:Boursorama:CCTim                              -3.88 EUR
  Depenses:Banque:Frais                                3.88 EUR

2019-04-17 * "RETRAIT DAB 16/04/19 BOAMGXB-GAB CB*1974" "Madagascar"
  source: "qif"
  Actif:Boursorama:CCTim                            -200.22 EUR
  Depenses:Loisirs:Voyages                           200.22 EUR

2019-04-17 * "RETRAIT DAB 16/04/19 BOAMGXB-GAB CB*1974" "Madagascar"
  source: "qif"
  Actif:Boursorama:CCTim                            -200.22 EUR
  Depenses:Loisirs:Voyages                           200.22 EUR

2019-04-17 * "*CION CB OP. ETR 04/19 BOAMGXB-GAB-1-" ""
  source: "qif"
  Actif:Boursorama:CCTim                              -3.88 EUR
  Depenses:Banque:Frais                                3.88 EUR

2019-04-23 * "VIR SEPA SAS TECNAL" ""
  source: "qif"
  Actif:Boursorama:CCTim                             455.60 EUR
  Actif:NoteDeFrais                                 -455.60 EUR

2019-04-23 * "*CION CB OP. ETR 04/19 BNI GAB 65 IHO" ""
  source: "qif"
  Actif:Boursorama:CCTim                              -0.97 EUR
  Depenses:Banque:Frais                                0.97 EUR

2019-04-23 * "RETRAIT DAB 21/04/19 BNI GAB 65  CB*1974" "Madagascar"
  source: "qif"
  Actif:Boursorama:CCTim                             -50.21 EUR
  Depenses:Loisirs:Voyages                            50.21 EUR

2019-04-30 * "VIR SEPA TECNAL S.A.S" ""
  source: "qif"
  Actif:Boursorama:CCTim                            4893.55 EUR
  Revenus:Salaires:Tecnal                          -4893.55 EUR

2019-05-01 balance  Actif:Boursorama:CCTim          4560.79 EUR

2019-05-02 * "Relev{ diff{r{ Carte 4979********1974" ""
  source: "qif"
  Actif:Boursorama:CCTim                            -835.73 EUR
  Passif:Boursorama:CBTim                            835.73 EUR

2019-05-06 * "VIR Virement interne depuis COMPTE PERS" ""
  source: "qif"
  Actif:Boursorama:CCTim                           -1500.00 EUR
  Actif:Boursorama:CELTim                           1500.00 EUR

2019-05-06 ! "PRLV SEPA SURAVENIR" ""
  source: "qif"
  Actif:Boursorama:CCTim                            -150.00 EUR
  Actif:Linxea:CapiElise                             150.00 EUR

2019-05-07 * "PRLV SEPA Free Telecom" ""
  source: "qif"
  Actif:Boursorama:CCTim                              -9.99 EUR
  Depenses:Abo:Internet                                9.99 EUR

2019-05-10 * "PRLV SEPA SURAVENIR" ""
  source: "qif"
  Actif:Boursorama:CCTim                            -155.13 EUR
  Actif:Linxea:CapiFelicien                          155.13 EUR

2019-05-10 * "PRLV SEPA GENERALI VIE SA" ""
  source: "qif"
  Actif:Boursorama:CCTim                            -150.00 EUR
  Actif:Linxea:AVTim1                                150.00 EUR

2019-05-13 * "PRLV SEPA GENERALI VIE SA" ""
  source: "qif"
  Actif:Boursorama:CCTim                            -150.00 EUR
  Actif:Boursorama:AVTim2                            150.00 EUR

2019-05-10 * "VIR SEPA GROS Timothee" ""
  source: "qif"
  Actif:Boursorama:CCTim                            -150.00 EUR
  Actif:Bink:CTO:Cash                                150.00 EUR

2019-05-13 * "VIR SEPA BOULON GILLES JE" ""
  source: "qif"
  Actif:Boursorama:CCTim                               8.00 EUR
  Depenses:Abo:Internet                               -8.00 EUR

2019-05-15 * "PRLV SEPA American Express Carte-France" ""
  source: "qif"
  Actif:Boursorama:CCTim                            -377.14 EUR
  Passif:AirFrance:Amex                              377.14 EUR

2019-05-15 * "VIR SEPA M.OU MME LEROUX YANNICK" ""
  source: "qif"
  Actif:Boursorama:CCTim                              10.40 EUR
  Depenses:Abo:Serveur                               -10.40 EUR

2019-05-31 * "VIR SEPA TECNAL S.A.S" ""
  source: "qif"
  Actif:Boursorama:CCTim                            3275.02 EUR
  Revenus:Salaires:Tecnal                          -3275.02 EUR

2019-06-01 balance  Actif:Boursorama:CCTim          2876.22 EUR

2019-06-03 * "Relev{ diff{r{ Carte 4979********1974" ""
  source: "qif"
  Actif:Boursorama:CCTim                           -1088.58 EUR
  Passif:Boursorama:CBTim                           1088.58 EUR

2019-06-06 * "PRLV SEPA Free Telecom" ""
  source: "qif"
  Actif:Boursorama:CCTim                             -37.97 EUR
  Depenses:Abo:Internet                               37.97 EUR

2019-06-10 * "VIR SEPA GROS Timothee" ""
  source: "qif"
  Actif:Boursorama:CCTim                            -150.00 EUR
  Actif:Bink:CTO:Cash                                150.00 EUR

2019-06-11 * "VIR SEPA BOULON GILLES JE" ""
  source: "qif"
  Actif:Boursorama:CCTim                               8.00 EUR
  Depenses:Abo:Serveur                                -8.00 EUR

2019-06-11 * "PRLV SEPA GENERALI VIE SA" ""
  source: "qif"
  Actif:Boursorama:CCTim                            -150.00 EUR
  Actif:Linxea:AVTim1                                150.00 EUR

2019-06-12 * "PRLV SEPA GENERALI VIE SA" ""
  source: "qif"
  Actif:Boursorama:CCTim                            -150.00 EUR
  Actif:Boursorama:AVTim2                            150.00 EUR

2019-06-12 * "VIR SEPA SAS TECNAL" ""
  source: "qif"
  Actif:Boursorama:CCTim                             452.61 EUR
  Actif:NoteDeFrais                                 -452.61 EUR

2019-06-14 * "PRLV SEPA American Express Carte-France" ""
  source: "qif"
  Actif:Boursorama:CCTim                           -1009.57 EUR
  Passif:AirFrance:Amex                             1009.57 EUR

2019-06-17 * "VIR SEPA M.OU MME LEROUX YANNICK" ""
  source: "qif"
  Actif:Boursorama:CCTim                              10.40 EUR
  Depenses:Abo:Serveur                               -10.40 EUR

2019-06-18 * "CHQ. N.1738272" "Achat Vin Bergerac"
  source: "qif"
  Actif:Boursorama:CCTim                             -97.77 EUR
  Depenses:Alimentaire:VinsEtAlcool                   97.77 EUR

2019-06-18 * "RETRAIT DAB 17/06/19 France      CB*1974" ""
  source: "qif"
  Actif:Boursorama:CCTim                            -100.00 EUR
  Actif:Cash                                         100.00 EUR

2019-06-28 * "VIR SEPA TECNAL S.A.S" ""
  source: "qif"
  Actif:Boursorama:CCTim                            6414.75 EUR
  Revenus:Salaires:Tecnal                          -6414.75 EUR

2019-07-01 balance  Actif:Boursorama:CCTim          5478.09 EUR

2019-07-01 * "Relev{ diff{r{ Carte 4979********1974" ""
  source: "qif"
  Actif:Boursorama:CCTim                            -855.75 EUR
  Passif:Boursorama:CBTim                            855.75 EUR

2019-07-02 * "CHQ. N.1738275" ""
  source: "qif"
  Actif:Boursorama:CCTim                            -108.00 EUR
  Depenses:Immobilier:Menage:Salaire                 108.00 EUR

2019-07-05 * "PRLV SEPA Free Telecom" ""
  source: "qif"
  Actif:Boursorama:CCTim                             -37.97 EUR
  Depenses:Abo:Internet                               37.97 EUR

2019-07-05 * "*INTERETS DEBITEURS AU 30/06/19" ""
  source: "qif"
  Actif:Boursorama:CCTim                              -4.96 EUR
  Depenses:Banque:Frais                                4.96 EUR

2019-07-10 * "PRLV SEPA GENERALI VIE SA" ""
  source: "qif"
  Actif:Boursorama:CCTim                            -150.00 EUR
  Actif:Linxea:AVTim1                                150.00 EUR

2019-07-10 * "PRLV SEPA GENERALI VIE SA" ""
  source: "qif"
  Actif:Boursorama:CCTim                            -150.00 EUR
  Actif:Boursorama:AVTim2                            150.00 EUR

2019-07-10 * "VIR SEPA GROS Timothee" ""
  source: "qif"
  Actif:Boursorama:CCTim                            -150.00 EUR
  Actif:Bink:CTO:Cash                                150.00 EUR

2019-07-11 * "VIR SEPA BOULON GILLES JE" ""
  source: "qif"
  Actif:Boursorama:CCTim                               8.00 EUR
  Depenses:Abo:Serveur                                -8.00 EUR

2019-07-15 * "PRLV SEPA American Express Carte-France" ""
  source: "qif"
  Actif:Boursorama:CCTim                           -2317.49 EUR
  Passif:AirFrance:Amex                             2317.49 EUR

2019-07-15 * "VIR SEPA M.OU MME LEROUX YANNICK" ""
  source: "qif"
  Actif:Boursorama:CCTim                              10.40 EUR
  Depenses:Abo:Serveur                               -10.40 EUR

2019-07-31 * "VIR SEPA TECNAL S.A.S" ""
  source: "qif"
  Actif:Boursorama:CCTim                            3145.62 EUR
  Revenus:Salaires:Tecnal                          -3145.62 EUR

2019-08-01 balance  Actif:Boursorama:CCTim          3367.94 EUR

2019-08-01 * "Relev{ diff{r{ Carte 4979********1974" ""
  source: "qif"
  Actif:Boursorama:CCTim                           -1020.15 EUR
  Passif:Boursorama:CBTim                           1020.15 EUR

2019-08-02 * "CHQ. N.1738276" ""
  source: "qif"
  Actif:Boursorama:CCTim                             -30.00 EUR
  Depenses:Immobilier:Menage:Salaire                  30.00 EUR

2019-08-05 * "VIR SEPA SAS TECNAL" ""
  source: "qif"
  Actif:Boursorama:CCTim                             601.38 EUR
  Actif:NoteDeFrais                                 -601.38 EUR

2019-08-05 * "PRLV SEPA SURAVENIR" ""
  source: "qif"
  Actif:Boursorama:CCTim                            -150.00 EUR
  Actif:Linxea:CapiElise                             150.00 EUR

2019-08-05 * "VIR Deblocage Pret 00060818936" ""
  source: "qif"
  Actif:Boursorama:CCTim                           10000.00 EUR
  Passif:Boursorama:PretConso                     -10000.00 EUR

2019-08-05 * "VIR SEPA GROS Timothee" ""
  source: "qif"
  Actif:Boursorama:CCTim                           -5000.00 EUR
  Actif:Bink:CTO:Cash                               5000.00 EUR

2019-08-12 * "PRLV SEPA SURAVENIR" ""
  source: "qif"
  Actif:Boursorama:CCTim                            -155.13 EUR
  Actif:Linxea:CapiFelicien                          155.13 EUR

2019-08-12 * "PRLV SEPA GENERALI VIE SA" ""
  source: "qif"
  Actif:Boursorama:CCTim                            -150.00 EUR
  Actif:Linxea:AVTim1                                150.00 EUR

2019-08-12 * "PRLV SEPA GENERALI VIE SA" ""
  source: "qif"
  Actif:Boursorama:CCTim                            -150.00 EUR
  Actif:Boursorama:AVTim2                            150.00 EUR

2019-08-07 * "PRLV SEPA Free Telecom" ""
  source: "qif"
  Actif:Boursorama:CCTim                             -37.97 EUR
  Depenses:Abo:Internet                               37.97 EUR

2019-08-12 * "VIR SEPA GROS Timothee" ""
  source: "qif"
  Actif:Boursorama:CCTim                            -150.00 EUR
  Actif:Bink:CTO:Cash                                150.00 EUR

2019-08-12 * "VIR Virement interne depuis COMPTE PERS" ""
  source: "qif"
  Actif:Boursorama:CCTim                           -5000.00 EUR
  Actif:Boursorama:CELTim                           5000.00 EUR

2019-08-12 * "VIR SEPA BOULON GILLES JE" ""
  source: "qif"
  Actif:Boursorama:CCTim                               8.00 EUR
  Depenses:Abo:Serveur                                -8.00 EUR

2019-08-16 * "PRLV SEPA American Express Carte-France" ""
  source: "qif"
  Actif:Boursorama:CCTim                           -1279.99 EUR
  Passif:AirFrance:Amex                             1279.99 EUR

2019-08-16 * "VIR SEPA M.OU MME LEROUX YANNICK" ""
  source: "qif"
  Actif:Boursorama:CCTim                              10.40 EUR
  Depenses:Abo:Serveur                               -10.40 EUR

2019-08-19 balance  Actif:Boursorama:CCTim          -635.52 EUR

1981-02-07 custom "fava-option" "insert-entry" "Actif:Boursorama:CCTim"

*** CCJoint
2010-03-03 open Actif:Boursorama:CCJoint                    EUR
  account: "00040754305"
2013-03-04 pad  Actif:Boursorama:CCJoint  Equity:Opening-Balances

2018-12-31 balance  Actif:Boursorama:CCJoint         -67.43 EUR

2019-01-02 * "Relev{ diff{r{ Carte 4979********1979" ""
  source: "qif"
  Actif:Boursorama:CCJoint                          -274.22 EUR
  Passif:Boursorama:CBJoint                          274.22 EUR

2019-01-02 * "CARTE 31122018 79 EURODIF        CB*5969" ""
  source: "qif"
  Actif:Boursorama:CCJoint                           -33.04 EUR
  Depenses:Habillement                                33.04 EUR

2019-01-02 * "CARTE 31122018 79 INTERMARCHE    CB*5969" ""
  source: "qif"
  Actif:Boursorama:CCJoint                           -16.11 EUR
  Depenses:Alimentaire:Epicerie                       16.11 EUR

2019-01-03 * "PRLV SEPA FREE MOBILE" ""
  source: "qif"
  Actif:Boursorama:CCJoint                            -4.55 EUR
  Depenses:Abo:Telephone                               4.55 EUR

2019-01-03 * "PRLV SEPA GMF ASSURANCES" ""
  source: "qif"
  Actif:Boursorama:CCJoint                           -83.74 EUR
  Depenses:Voitures:Assurance                            32 EUR
  Depenses:Immobilier:Assurance

2019-01-03 * "REM CHQ N. 0688461" ""
  source: "qif"
  Actif:Boursorama:CCJoint                           292.44 EUR
  Revenus:VentesAnna                                -292.44 EUR

2019-01-04 * "RETRAIT DAB 03012019 NIORT       CB*5969" ""
  source: "qif"
  Actif:Boursorama:CCJoint                           -60.00 EUR
  Actif:Cash                                          60.00 EUR

2019-01-04 * "VIR SEPA CAF DES DEUX SEVRES" ""
  source: "qif"
  Actif:Boursorama:CCJoint                           131.16 EUR
  Revenus:CAF                                       -131.16 EUR

2019-01-07 * "VIR SEPA C.P.A.M. DE NIORT" ""
  source: "qif"
  Actif:Boursorama:CCJoint                            22.40 EUR
  Depenses:Sante                                     -22.40 EUR

2019-01-07 * "*FRAIS BOURSORAMA PROTEC. DUO +" ""
  source: "qif"
  Actif:Boursorama:CCJoint                            -3.50 EUR
  Depenses:Assurance:CB                                3.50 EUR

2019-01-07 * "CARTE 04012019 79 TAO NIORT      CB*5969" ""
  source: "qif"
  Actif:Boursorama:CCJoint                           -67.36 EUR
  Depenses:Habillement                                67.36 EUR

2019-01-07 * "CARTE 04012019 79 PHARM DE PARIS CB*5969" ""
  source: "qif"
  Actif:Boursorama:CCJoint                           -77.66 EUR
  Depenses:Sante                                      77.66 EUR

2019-01-08 * "*INTERETS DEBITEURS AU 31/12/18" ""
  source: "qif"
  Actif:Boursorama:CCJoint                            -2.76 EUR
  Depenses:Banque:Frais                                2.76 EUR

2019-01-09 * "VIR SEPA HARMONIE MUTUELLE" ""
  source: "qif"
  Actif:Boursorama:CCJoint                             9.60 EUR
  Depenses:Sante                                      -9.60 EUR

2019-01-09 * "VIR SEPA C.P.A.M. DE NIORT" ""
  source: "qif"
  Actif:Boursorama:CCJoint                            22.40 EUR
  Depenses:Sante                                     -22.40 EUR

2019-01-10 * "PRLV SEPA MAAF ASSURANCES SA" ""
  source: "qif"
  Actif:Boursorama:CCJoint                          -438.75 EUR
  Depenses:Voitures:Assurance                        438.75 EUR

2019-01-10 * "PRLV SEPA OGEC SAINT HILAIRE" ""
  source: "qif"
  Actif:Boursorama:CCJoint                          -269.00 EUR
  Depenses:Enfants:Scolarite                         269.00 EUR

2019-01-10 * "RETRAIT DAB 09012019 NIORT BRECH CB*1979" ""
  source: "qif"
  Actif:Boursorama:CCJoint                           -20.00 EUR
  Actif:Cash                                          20.00 EUR

2019-01-10 * "RETRAIT DAB 09012019 NIORT       CB*5969" ""
  source: "qif"
  Actif:Boursorama:CCJoint                           -50.00 EUR
  Actif:Cash                                          50.00 EUR

2019-01-11 * "VIR SEPA HARMONIE MUTUELLE" ""
  source: "qif"
  Actif:Boursorama:CCJoint                             9.60 EUR
  Depenses:Sante                                      -9.60 EUR

2019-01-15 * "VIR SEPA DDFIP DE LA HAUTE VIENNE" ""
  source: "qif"
  Actif:Boursorama:CCJoint                          1090.00 EUR
  Depenses:Impots:IR                               -1090.00 EUR

2019-01-15 * "PRLV SEPA DIRECTION GENERALE DES FINANCE" ""
  source: "qif"
  Actif:Boursorama:CCJoint                          -106.00 EUR
  Depenses:Impots:TF                                 106.00 EUR

2019-01-15 * "PRLV SEPA DIRECTION GENERALE DES FINANCE" ""
  source: "qif"
  Actif:Boursorama:CCJoint                           -96.00 EUR
  Depenses:Impots:TH                                  96.00 EUR

2019-01-17 ! "CHQ. N.9440143" ""
  source: "qif"
  Actif:Boursorama:CCJoint                           -52.71 EUR
  Depenses:Divers                                     52.71 EUR

2019-01-21 * "CARTE 18012019 79 INTERMARCHE    CB*5969" ""
  source: "qif"
  Actif:Boursorama:CCJoint                           -22.15 EUR
  Depenses:Alimentaire:Epicerie                       22.15 EUR

2019-01-21 * "CARTE 18012019 79 AMIS DU MARAIS CB*5969" ""
  source: "qif"
  Actif:Boursorama:CCJoint                           -13.10 EUR
  Depenses:Alimentaire:Epicerie                       13.10 EUR

2019-01-21 * "RETRAIT DAB 19012019 NIORT       CB*5969" ""
  source: "qif"
  Actif:Boursorama:CCJoint                           -60.00 EUR
  Actif:Cash                                          60.00 EUR

2019-01-22 * "VIR SEPA C.P.A.M. DE NIORT" ""
  source: "qif"
  Actif:Boursorama:CCJoint                            96.75 EUR
  Depenses:Sante                                     -96.75 EUR

2019-01-22 * "CARTE 21012019 79 LA LIBRAIRIE H CB*5969" ""
  source: "qif"
  Actif:Boursorama:CCJoint                           -34.80 EUR
  Depenses:Loisirs:Culture                            34.80 EUR

2019-01-22 * "CARTE 19012019 79 LA LIBRAIRIE   CB*5969" ""
  source: "qif"
  Actif:Boursorama:CCJoint                           -43.55 EUR
  Depenses:Loisirs:Culture                            43.55 EUR

2019-01-23 ! "CHQ. N.9440144" ""
  source: "qif"
  Actif:Boursorama:CCJoint                          -342.00 EUR
  Depenses:A-CLASSER                                 342.00 EUR

2019-01-24 * "VIR SEPA HARMONIE MUTUELLE" ""
  source: "qif"
  Actif:Boursorama:CCJoint                           193.50 EUR
  Depenses:Sante                                    -193.50 EUR

2019-01-24 * "CARTE 23012019 IE ITUNES.COM/BIL CB*5969" ""
  source: "qif"
  Actif:Boursorama:CCJoint                            -0.99 EUR
  Depenses:Abo:Apple                                   0.99 EUR

2019-01-25 * "CARTE 24012019 79 INTERMARCHE    CB*5969" ""
  source: "qif"
  Actif:Boursorama:CCJoint                           -15.84 EUR
  Depenses:Alimentaire:Epicerie                       15.84 EUR

2019-01-28 ! "ECH PRET:80280000606862232601" ""
  source: "qif"
  Actif:Boursorama:CCJoint                         -1082.26 EUR
  Passif:Boursorama:EmpruntRP                       1082.26 EUR

2019-01-28 * "PRLV SEPA Engie" ""
  source: "qif"
  Actif:Boursorama:CCJoint                           -70.66 EUR
  Depenses:Abo:Gaz                                    70.66 EUR

2019-01-28 * "PRLV SEPA EDF clients particuliers" ""
  source: "qif"
  Actif:Boursorama:CCJoint                          -160.89 EUR
  Depenses:Abo:Elec                                  160.89 EUR

2019-01-28 * "CARTE 25012019 79 PHARM DE PARIS CB*5969" ""
  source: "qif"
  Actif:Boursorama:CCJoint                           -16.63 EUR
  Depenses:Sante                                      16.63 EUR

2019-01-29 * "CARTE 26012019 79 HETM238        CB*5969" ""
  source: "qif"
  Actif:Boursorama:CCJoint                           -18.96 EUR
  Depenses:Habillement                                18.96 EUR

2019-01-29 * "CARTE 26012019 FR219 TIGER NIOR  CB*5969" ""
  source: "qif"
  Actif:Boursorama:CCJoint                            -4.00 EUR
  Depenses:Habillement                                 4.00 EUR

2019-01-30 * "REM CHQ N. 0768205" ""
  source: "qif"
  Actif:Boursorama:CCJoint                           287.00 EUR
  Revenus:VentesAnna                                -287.00 EUR

2019-02-01 * "Relev{ diff{r{ Carte 4979********1979" ""
  source: "qif"
  Actif:Boursorama:CCJoint                          -324.16 EUR
  Passif:Boursorama:CBJoint                          324.16 EUR

2019-02-04 * "PRLV SEPA GMF ASSURANCES" ""
  source: "qif"
  Actif:Boursorama:CCJoint                           -83.73 EUR
  Depenses:Voitures:Assurance                            35 EUR
  Depenses:Immobilier:Assurance

2019-02-04 * "PRLV SEPA TRES. NIORT-SEVRE MUNICIPALE -" ""
  source: "qif"
  Actif:Boursorama:CCJoint                          -117.00 EUR
  Depenses:Enfants:Loisirs                           117.00 EUR

2019-02-05 * "PRLV SEPA FREE MOBILE" ""
  source: "qif"
  Actif:Boursorama:CCJoint                            -4.65 EUR
  Depenses:Abo:Telephone                               4.65 EUR

2019-02-05 * "VIR SEPA CAF DES DEUX SEVRES" ""
  source: "qif"
  Actif:Boursorama:CCJoint                           131.16 EUR
  Revenus:CAF                                       -131.16 EUR

2019-02-05 * "CARTE 02022019 79 INTERMARCHE    CB*5969" ""
  source: "qif"
  Actif:Boursorama:CCJoint                           -12.83 EUR
  Depenses:Alimentaire:Epicerie                       12.83 EUR

2019-02-06 * "VIR SEPA C.P.A.M. DE NIORT" ""
  source: "qif"
  Actif:Boursorama:CCJoint                            30.69 EUR
  Depenses:Sante                                     -30.69 EUR

2019-02-06 * "RETRAIT DAB 05022019 NIORT       CB*5969" ""
  source: "qif"
  Actif:Boursorama:CCJoint                           -70.00 EUR
  Actif:Cash                                          70.00 EUR

2019-02-07 * "*FRAIS BOURSORAMA PROTEC. DUO +" ""
  source: "qif"
  Actif:Boursorama:CCJoint                            -3.50 EUR
  Depenses:Assurance:CB                                3.50 EUR

2019-02-08 * "VIR SEPA HARMONIE MUTUELLE" ""
  source: "qif"
  Actif:Boursorama:CCJoint                            14.01 EUR
  Depenses:Sante                                     -14.01 EUR

2019-02-11 * "PRLV SEPA OGEC SAINT HILAIRE" ""
  source: "qif"
  Actif:Boursorama:CCJoint                          -269.00 EUR
  Depenses:Enfants:Scolarite                         269.00 EUR

2019-02-12 * "CARTE 11022019 79 SA SONIAL      CB*5969" ""
  source: "qif"
  Actif:Boursorama:CCJoint                           -13.01 EUR
  Depenses:Voitures:Carburant                         13.01 EUR

2019-02-14 * "VIR SEPA C.P.A.M. DE NIORT" ""
  source: "qif"
  Actif:Boursorama:CCJoint                            22.40 EUR
  Depenses:Sante                                     -22.40 EUR

2019-02-15 * "PRLV SEPA DIRECTION GENERALE DES FINANCE" ""
  source: "qif"
  Actif:Boursorama:CCJoint                          -106.00 EUR
  Depenses:Impots:TF                                 106.00 EUR

2019-02-15 * "PRLV SEPA DIRECTION GENERALE DES FINANCE" ""
  source: "qif"
  Actif:Boursorama:CCJoint                           -96.00 EUR
  Depenses:Impots:TH                                  96.00 EUR

2019-02-18 * "VIR SEPA HARMONIE MUTUELLE" ""
  source: "qif"
  Actif:Boursorama:CCJoint                             9.60 EUR
  Depenses:Sante                                      -9.60 EUR

2019-02-19 * "VIR SEPA C.P.A.M. DE NIORT" ""
  source: "qif"
  Actif:Boursorama:CCJoint                            31.69 EUR
  Depenses:Sante                                     -31.69 EUR

2019-02-19 * "RETRAIT DAB 16022019 NIORT       CB*5969" ""
  source: "qif"
  Actif:Boursorama:CCJoint                           -70.00 EUR
  Actif:Cash                                          70.00 EUR

2019-02-21 * "VIR SEPA HARMONIE MUTUELLE" ""
  source: "qif"
  Actif:Boursorama:CCJoint                            14.01 EUR
  Depenses:Sante                                     -14.01 EUR

2019-02-21 * "CHQ. N.9440145" ""
  source: "qif"
  Actif:Boursorama:CCJoint                           -32.00 EUR
  Depenses:Sante                                      32.00 EUR

2019-02-26 ! "ECH PRET:80280000606862232602" ""
  source: "qif"
  Actif:Boursorama:CCJoint                         -1082.26 EUR
  Passif:Boursorama:EmpruntRP                       1082.26 EUR

2019-02-26 * "PRLV SEPA Engie" ""
  source: "qif"
  Actif:Boursorama:CCJoint                           -70.66 EUR
  Depenses:Abo:Gaz                                    70.66 EUR

2019-02-26 * "CARTE 23022019 IE ITUNES.COM/BIL CB*5969" ""
  source: "qif"
  Actif:Boursorama:CCJoint                            -0.99 EUR
  Depenses:Abo:Apple                                   0.99 EUR

2019-02-27 * "PRLV SEPA EDF clients particuliers" ""
  source: "qif"
  Actif:Boursorama:CCJoint                          -160.89 EUR
  Depenses:Abo:Elec                                  160.89 EUR

2019-02-28 * "PRLV SEPA URSSAF RHONE ALPES - CNCESU CE" ""
  source: "qif"
  Actif:Boursorama:CCJoint                           -70.29 EUR
  Depenses:Immobilier:Menage:Charges                  70.29 EUR

2019-03-01 * "Relev{ diff{r{ Carte 4979********1979" ""
  source: "qif"
  Actif:Boursorama:CCJoint                          -192.14 EUR
  Passif:Boursorama:CBJoint                          192.14 EUR

2019-03-04 * "PRLV SEPA GMF ASSURANCES" ""
  source: "qif"
  Actif:Boursorama:CCJoint                           -86.19 EUR
  Depenses:Voitures:Assurance                            35 EUR
  Depenses:Immobilier:Assurance

2019-03-05 * "VIR SEPA CAF DES DEUX SEVRES" ""
  source: "qif"
  Actif:Boursorama:CCJoint                           131.16 EUR
  Revenus:CAF                                       -131.16 EUR

2019-03-06 * "CARTE 04032019 79 BIOMARCHE      CB*5969" ""
  source: "qif"
  Actif:Boursorama:CCJoint                          -135.93 EUR
  Depenses:Alimentaire:Epicerie                      135.93 EUR

2019-03-07 * "VIR SEPA C.P.A.M. DE NIORT" ""
  source: "qif"
  Actif:Boursorama:CCJoint                            22.40 EUR
  Depenses:Sante                                     -22.40 EUR

2019-03-07 * "*FRAIS BOURSORAMA PROTEC. DUO +" ""
  source: "qif"
  Actif:Boursorama:CCJoint                            -3.50 EUR
  Depenses:Assurance:CB                                3.50 EUR

2019-03-07 * "CARTE 05032019 79 AMIS DU MARAIS CB*5969" ""
  source: "qif"
  Actif:Boursorama:CCJoint                           -26.55 EUR
  Depenses:Alimentaire:Epicerie                       26.55 EUR

2019-03-11 * "VIR SEPA HARMONIE MUTUELLE" ""
  source: "qif"
  Actif:Boursorama:CCJoint                             9.60 EUR
  Depenses:Sante                                      -9.60 EUR

2019-03-11 * "PRLV SEPA OGEC SAINT HILAIRE" ""
  source: "qif"
  Actif:Boursorama:CCJoint                          -271.00 EUR
  Depenses:Enfants:Scolarite                         271.00 EUR

2019-03-11 * "RETRAIT DAB 08032019 NIORT       CB*5969" ""
  source: "qif"
  Actif:Boursorama:CCJoint                           -50.00 EUR
  Actif:Cash                                          50.00 EUR

2019-03-12 * "CARTE 09/03/19 79 OXYGEN         CB*5969" ""
  source: "qif"
  Actif:Boursorama:CCJoint                           -28.00 EUR
  Depenses:Enfants:Coiffeur                           28.00 EUR

2019-03-14 * "CHQ. N.9440146" ""
  source: "qif"
  Actif:Boursorama:CCJoint                           -32.00 EUR
  Depenses:Sante                                      32.00 EUR

2019-03-15 * "PRLV SEPA DIRECTION GENERALE DES FINANCE" ""
  source: "qif"
  Actif:Boursorama:CCJoint                           -96.00 EUR
  Depenses:Impots:TH                                  96.00 EUR

2019-03-15 * "PRLV SEPA DIRECTION GENERALE DES FINANCE" ""
  source: "qif"
  Actif:Boursorama:CCJoint                          -106.00 EUR
  Depenses:Impots:TH                                 106.00 EUR

2019-03-18 * "RETRAIT DAB 16/03/19 NIORT       CB*5969" ""
  source: "qif"
  Actif:Boursorama:CCJoint                           -60.00 EUR
  Actif:Cash                                          60.00 EUR

2019-03-19 * "CARTE 18/03/19 79 BIO COOP       CB*5969" ""
  source: "qif"
  Actif:Boursorama:CCJoint                           -38.50 EUR
  Depenses:Alimentaire:Epicerie                       38.50 EUR

2019-03-19 * "CARTE 18/03/19 79 BIOMARCHE      CB*5969" ""
  source: "qif"
  Actif:Boursorama:CCJoint                           -52.33 EUR
  Depenses:Alimentaire:Epicerie                       52.33 EUR

2019-03-20 * "VIR SEPA C.P.A.M. DE NIORT" ""
  source: "qif"
  Actif:Boursorama:CCJoint                            31.69 EUR
  Depenses:Sante                                     -31.69 EUR

2019-03-21 * "CARTE 20/03/19 79 PHARM DE PARIS CB*5969" ""
  source: "qif"
  Actif:Boursorama:CCJoint                          -123.13 EUR
  Depenses:Sante                                     123.13 EUR

2019-03-22 * "VIR SEPA HARMONIE MUTUELLE" ""
  source: "qif"
  Actif:Boursorama:CCJoint                            14.01 EUR
  Depenses:Sante                                     -14.01 EUR

2019-03-25 * "CARTE 23/03/19 IE ITUNES.COM/BIL CB*5969" ""
  source: "qif"
  Actif:Boursorama:CCJoint                            -0.99 EUR
  Depenses:Abo:Apple                                   0.99 EUR

2019-03-26 ! "ECH PRET:80280000606862232603" ""
  source: "qif"
  Actif:Boursorama:CCJoint                         -1082.26 EUR
  Passif:Boursorama:EmpruntRP                       1082.26 EUR

2019-03-26 * "PRLV SEPA Engie" ""
  source: "qif"
  Actif:Boursorama:CCJoint                           -70.66 EUR
  Depenses:Abo:Gaz                                    70.66 EUR

2019-03-27 * "PRLV SEPA EDF clients particuliers" ""
  source: "qif"
  Actif:Boursorama:CCJoint                          -160.89 EUR
  Depenses:Abo:Elec                                  160.89 EUR

2019-03-29 * "PRLV SEPA URSSAF RHONE ALPES - CNCESU CE" ""
  source: "qif"
  Actif:Boursorama:CCJoint                           -78.90 EUR
  Depenses:Immobilier:Menage:Charges                  78.90 EUR

2019-04-01 * "Relev{ diff{r{ Carte 4979********1979" ""
  source: "qif"
  Actif:Boursorama:CCJoint                          -452.48 EUR
  Passif:Boursorama:CBJoint                          452.48 EUR

2019-04-01 * "CARTE 29/03/19 79 AMIS DU MARAIS CB*5969" ""
  source: "qif"
  Actif:Boursorama:CCJoint                           -12.32 EUR
  Depenses:Alimentaire:Epicerie                       12.32 EUR

2019-04-03 * "PRLV SEPA GMF ASSURANCES" ""
  source: "qif"
  Actif:Boursorama:CCJoint                           -86.19 EUR
  Depenses:Voitures:Assurance                            35 EUR
  Depenses:Immobilier:Assurance

2019-04-03 * "PRLV SEPA FREE MOBILE" ""
  source: "qif"
  Actif:Boursorama:CCJoint                            -4.65 EUR
  Depenses:Abo:Telephone                               4.65 EUR

2019-04-05 * "VIR SEPA CAF DES DEUX SEVRES" ""
  source: "qif"
  Actif:Boursorama:CCJoint                           131.16 EUR
  Revenus:CAF                                       -131.16 EUR

2019-04-05 * "*FRAIS BOURSORAMA PROTEC. DUO +" ""
  source: "qif"
  Actif:Boursorama:CCJoint                            -3.50 EUR
  Depenses:Assurance:CB                                3.50 EUR

2019-04-05 * "*INTERETS DEBITEURS AU 31/03/19" ""
  source: "qif"
  Actif:Boursorama:CCJoint                            -0.01 EUR
  Depenses:Banque:Frais                                0.01 EUR

2019-04-08 * "CARTE 05/04/19 79 AMIS DU MARAIS CB*5969" ""
  source: "qif"
  Actif:Boursorama:CCJoint                           -27.30 EUR
  Depenses:Alimentaire:Epicerie                       27.30 EUR

2019-04-09 * "CARTE 06/04/19 79 H&M238         CB*5969" ""
  source: "qif"
  Actif:Boursorama:CCJoint                           -54.94 EUR
  Depenses:Habillement                                54.94 EUR

2019-04-09 * "CARTE 06/04/19 79 LA LIBRAIRIE   CB*5969" ""
  source: "qif"
  Actif:Boursorama:CCJoint                           -29.12 EUR
  Depenses:Loisirs:Culture                            29.12 EUR

2019-04-10 * "CHQ. N.9440147" ""
  source: "qif"
  Actif:Boursorama:CCJoint                           -58.00 EUR
  Depenses:Divers                                     58.00 EUR

2019-04-10 * "PRLV SEPA OGEC SAINT HILAIRE" ""
  source: "qif"
  Actif:Boursorama:CCJoint                          -271.00 EUR
  Depenses:Enfants:Scolarite                         271.00 EUR

2019-04-15 * "VIR SEPA HARMONIE MUTUELLE" ""
  source: "qif"
  Actif:Boursorama:CCJoint                            35.00 EUR
  Depenses:Sante                                     -35.00 EUR

2019-04-11 * "CARTE 10/04/19 79 PHARM DE PARIS CB*5969" ""
  source: "qif"
  Actif:Boursorama:CCJoint                           -77.12 EUR
  Depenses:Sante                                      77.12 EUR

2019-04-15 * "PRLV SEPA DIRECTION GENERALE DES FINANCE" ""
  source: "qif"
  Actif:Boursorama:CCJoint                          -106.00 EUR
  Depenses:Impots:TF                                 106.00 EUR

2019-04-15 * "PRLV SEPA DIRECTION GENERALE DES FINANCE" ""
  source: "qif"
  Actif:Boursorama:CCJoint                           -96.00 EUR
  Depenses:Impots:TH                                  96.00 EUR

2019-04-16 * "REM CHQ N. 0882524" ""
  source: "qif"
  Actif:Boursorama:CCJoint                            70.00 EUR
  Revenus:VentesAnna                                 -70.00 EUR

2019-04-17 * "VIR SEPA C.P.A.M. DE NIORT" ""
  source: "qif"
  Actif:Boursorama:CCJoint                            26.69 EUR
  Depenses:Sante                                     -26.69 EUR

2019-04-18 * "PRLV SEPA TRES. NIORT-SEVRE MUNICIPALE -" ""
  source: "qif"
  Actif:Boursorama:CCJoint                          -117.00 EUR
  Depenses:Enfants:Loisirs                           117.00 EUR

2019-04-23 * "VIR SEPA HARMONIE MUTUELLE" ""
  source: "qif"
  Actif:Boursorama:CCJoint                            14.01 EUR
  Depenses:Sante                                     -14.01 EUR

2019-04-24 * "CARTE 23/04/19 IE ITUNES.COM/BIL CB*5969" ""
  source: "qif"
  Actif:Boursorama:CCJoint                            -0.99 EUR
  Depenses:Abo:Apple                                   0.99 EUR

2019-04-26 ! "ECH PRET:80280000606862232604" ""
  source: "qif"
  Actif:Boursorama:CCJoint                         -1082.26 EUR
  Passif:Boursorama:EmpruntRP                       1082.26 EUR

2019-04-26 * "PRLV SEPA Engie" ""
  source: "qif"
  Actif:Boursorama:CCJoint                           -70.66 EUR
  Depenses:Abo:Gaz                                    70.66 EUR

2019-04-26 * "VIR SEPA GROS Adelaide" ""
  source: "qif"
  Actif:Boursorama:CCJoint                         -1200.00 EUR
  Depenses:Loisirs:Voyages                          1200.00 EUR

2019-04-29 * "PRLV SEPA EDF clients particuliers" ""
  source: "qif"
  Actif:Boursorama:CCJoint                          -160.89 EUR
  Depenses:Abo:Elec                                  160.89 EUR

2019-04-30 * "PRLV SEPA URSSAF RHONE ALPES - CNCESU CE" ""
  source: "qif"
  Actif:Boursorama:CCJoint                           -63.13 EUR
  Depenses:Immobilier:Menage:Charges                  63.13 EUR

2019-05-03 * "PRLV SEPA GMF ASSURANCES" ""
  source: "qif"
  Actif:Boursorama:CCJoint                           -86.19 EUR
  Depenses:Voitures:Assurance                            35 EUR
  Depenses:Immobilier:Assurance

2019-05-06 * "PRLV SEPA FREE MOBILE" ""
  source: "qif"
  Actif:Boursorama:CCJoint                            -4.25 EUR
  Depenses:Abo:Telephone                               4.25 EUR

2019-05-06 * "VIR SEPA CAF DES DEUX SEVRES" ""
  source: "qif"
  Actif:Boursorama:CCJoint                           131.55 EUR
  Revenus:CAF                                       -131.55 EUR

2019-05-10 * "PRLV SEPA OGEC SAINT HILAIRE" ""
  source: "qif"
  Actif:Boursorama:CCJoint                          -271.00 EUR
  Depenses:Enfants:Scolarite                         271.00 EUR

2019-05-10 * "CARTE 09/05/19 79 TAO NIORT      CB*5969" ""
  source: "qif"
  Actif:Boursorama:CCJoint                           -24.99 EUR
  Depenses:Habillement                                24.99 EUR

2019-05-10 * "CARTE 09/05/19 79 PHIE BONNET-AB CB*5969" ""
  source: "qif"
  Actif:Boursorama:CCJoint                           -33.17 EUR
  Depenses:Sante                                      33.17 EUR

2019-05-13 * "CARTE 11/05/19 79 INTERMARCHE    CB*5969" ""
  source: "qif"
  Actif:Boursorama:CCJoint                           -15.36 EUR
  Depenses:Alimentaire:Epicerie                       15.36 EUR

2019-05-13 * "RETRAIT DAB 11/05/19 LCL NIORT   CB*5969" ""
  source: "qif"
  Actif:Boursorama:CCJoint                           -50.00 EUR
  Actif:Cash                                          50.00 EUR

2019-05-13 * "CARTE 11/05/19 79 PHARM DE PARIS CB*5969" ""
  source: "qif"
  Actif:Boursorama:CCJoint                           -32.98 EUR
  Depenses:Sante                                      32.98 EUR

2019-05-15 * "VIR SEPA C.P.A.M. DE NIORT" ""
  source: "qif"
  Actif:Boursorama:CCJoint                            27.19 EUR
  Depenses:Sante                                     -27.19 EUR

2019-05-15 * "PRLV SEPA DIRECTION GENERALE DES FINANCE" ""
  source: "qif"
  Actif:Boursorama:CCJoint                          -106.00 EUR
  Depenses:Impots:TF                                 106.00 EUR

2019-05-15 * "PRLV SEPA DIRECTION GENERALE DES FINANCE" ""
  source: "qif"
  Actif:Boursorama:CCJoint                           -96.00 EUR
  Depenses:Impots:TH                                  96.00 EUR

2019-05-16 * "VIR SEPA HARMONIE MUTUELLE" ""
  source: "qif"
  Actif:Boursorama:CCJoint                             7.50 EUR
  Depenses:Sante                                      -7.50 EUR

2019-05-17 * "VIR SEPA HARMONIE MUTUELLE" ""
  source: "qif"
  Actif:Boursorama:CCJoint                            14.01 EUR
  Depenses:Sante                                     -14.01 EUR

2019-05-17 * "*FRAIS BOURSORAMA PROTEC. DUO +" ""
  source: "qif"
  Actif:Boursorama:CCJoint                            -3.50 EUR
  Depenses:Assurance:CB                                3.50 EUR

2019-05-17 * "CARTE 16/05/19 79 AMIS DU MARAIS CB*5969" ""
  source: "qif"
  Actif:Boursorama:CCJoint                           -23.94 EUR
  Depenses:Alimentaire:Epicerie                       23.94 EUR

2019-05-20 * "RETRAIT DAB 18/05/19 LCL NIORT   CB*5969" ""
  source: "qif"
  Actif:Boursorama:CCJoint                           -60.00 EUR
  Actif:Cash                                          60.00 EUR

2019-05-24 * "CARTE 23/05/19 IE ITUNES.COM/BIL CB*5969" ""
  source: "qif"
  Actif:Boursorama:CCJoint                            -0.99 EUR
  Depenses:Abo:Apple                                   0.99 EUR

2019-05-27 ! "ECH PRET:80280000606862232605" ""
  source: "qif"
  Actif:Boursorama:CCJoint                         -1082.26 EUR
  Passif:Boursorama:EmpruntRP                       1082.26 EUR

2019-05-27 * "PRLV SEPA Engie" ""
  source: "qif"
  Actif:Boursorama:CCJoint                          -115.69 EUR
  Depenses:Abo:Gaz                                   115.69 EUR

2019-05-27 * "PRLV SEPA EDF clients particuliers" ""
  source: "qif"
  Actif:Boursorama:CCJoint                          -160.89 EUR
  Depenses:Abo:Elec                                  160.89 EUR

2019-05-27 * "RETRAIT DAB 25/05/19 LCL NIORT   CB*5969" ""
  source: "qif"
  Actif:Boursorama:CCJoint                           -80.00 EUR
  Actif:Cash                                          80.00 EUR

2019-05-27 * "CARTE 24/05/19 79 OXYGEN         CB*5969" ""
  source: "qif"
  Actif:Boursorama:CCJoint                           -12.00 EUR
  Depenses:Enfants:Coiffeur                           12.00 EUR

2019-05-29 * "VIR SEPA C.P.A.M. DE NIORT" ""
  source: "qif"
  Actif:Boursorama:CCJoint                            31.69 EUR
  Depenses:Sante                                     -31.69 EUR

2019-05-31 * "PRLV SEPA URSSAF RHONE ALPES - CNCESU CE" ""
  source: "qif"
  Actif:Boursorama:CCJoint                           -63.13 EUR
  Depenses:Immobilier:Menage:Charges                  63.13 EUR

2019-06-03 * "Relev{ diff{r{ Carte 4979********1979" ""
  source: "qif"
  Actif:Boursorama:CCJoint                          -441.96 EUR
  Passif:Boursorama:CBJoint                          441.96 EUR

2019-06-03 * "VIR Contribution compte commun" ""
  source: "qif"
  Actif:Boursorama:CCJoint                           500.00 EUR
  Actif:Boursorama:CCAnna                           -500.00 EUR

2019-06-03 * "VIR SEPA HARMONIE MUTUELLE" ""
  source: "qif"
  Actif:Boursorama:CCJoint                            14.01 EUR
  Depenses:Sante                                     -14.01 EUR

2019-06-03 * "PRLV SEPA GMF ASSURANCES" ""
  source: "qif"
  Actif:Boursorama:CCJoint                           -86.19 EUR
  Depenses:Voitures:Assurance                            35 EUR
  Depenses:Immobilier:Assurance

2019-06-03 * "CARTE 01/06/19 17 FLOWER EXP CAM CB*5969" ""
  source: "qif"
  Actif:Boursorama:CCJoint                          -126.00 EUR
  Depenses:Divers                                    126.00 EUR

2019-06-05 * "PRLV SEPA FREE MOBILE" ""
  source: "qif"
  Actif:Boursorama:CCJoint                            -4.90 EUR
  Depenses:Abo:Telephone                               4.90 EUR

2019-06-04 * "RETRAIT DAB 02/06/19 NIORT HALLE CB*5969" ""
  source: "qif"
  Actif:Boursorama:CCJoint                           -60.00 EUR
  Actif:Cash                                          60.00 EUR

2019-06-05 * "VIR SEPA HARMONIE MUTUELLE" ""
  source: "qif"
  Actif:Boursorama:CCJoint                             7.50 EUR
  Depenses:Sante                                      -7.50 EUR

2019-06-05 * "VIR SEPA CAF DES DEUX SEVRES" ""
  source: "qif"
  Actif:Boursorama:CCJoint                           131.55 EUR
  Revenus:CAF                                       -131.55 EUR

2019-06-07 * "*FRAIS BOURSORAMA PROTEC. DUO +" ""
  source: "qif"
  Actif:Boursorama:CCJoint                            -3.50 EUR
  Depenses:Assurance:CB                                3.50 EUR

2019-06-10 * "VIR SEPA HARMONIE MUTUELLE" ""
  source: "qif"
  Actif:Boursorama:CCJoint                             7.50 EUR
  Depenses:Sante                                      -7.50 EUR

2019-06-11 * "PRLV SEPA OGEC SAINT HILAIRE" ""
  source: "qif"
  Actif:Boursorama:CCJoint                          -274.00 EUR
  Depenses:Enfants:Scolarite                         274.00 EUR

2019-06-11 * "CARTE 07/06/19 79 PICARD SA  082 CB*5969" ""
  source: "qif"
  Actif:Boursorama:CCJoint                           -73.03 EUR
  Depenses:Alimentaire:Epicerie                       73.03 EUR

2019-06-11 * "CARTE 08/06/19 79 AMIS DU MARAIS CB*5969" ""
  source: "qif"
  Actif:Boursorama:CCJoint                           -23.26 EUR
  Depenses:Alimentaire:Epicerie                       23.26 EUR

2019-06-11 * "CARTE 08/06/19 79 L'INSTANT FROM CB*5969" ""
  source: "qif"
  Actif:Boursorama:CCJoint                            -9.40 EUR
  Depenses:Alimentaire:Epicerie                        9.40 EUR

2019-06-11 * "CARTE 08/06/19 79 INTERMARCHE    CB*5969" ""
  source: "qif"
  Actif:Boursorama:CCJoint                           -19.84 EUR
  Depenses:Alimentaire:Epicerie                       19.84 EUR

2019-06-12 * "RETRAIT DAB 08/06/19 CHABRIERES  CB*5969" ""
  source: "qif"
  Actif:Boursorama:CCJoint                           -40.00 EUR
  Actif:Cash                                          40.00 EUR

2019-06-13 * "VIR SEPA C.P.A.M. DE NIORT" ""
  source: "qif"
  Actif:Boursorama:CCJoint                            40.20 EUR
  Depenses:Sante                                     -40.20 EUR

2019-06-17 * "PRLV SEPA DIRECTION GENERALE DES FINANCE" ""
  source: "qif"
  Actif:Boursorama:CCJoint                           -96.00 EUR
  Depenses:Impots:TH                                  96.00 EUR

2019-06-13 * "RETRAIT DAB 12/06/19 NIORT       CB*5969" ""
  source: "qif"
  Actif:Boursorama:CCJoint                           -50.00 EUR
  Actif:Cash                                          50.00 EUR

2019-06-17 * "PRLV SEPA DIRECTION GENERALE DES FINANCE" ""
  source: "qif"
  Actif:Boursorama:CCJoint                          -106.00 EUR
  Depenses:Impots:TF                                 106.00 EUR

2019-06-20 * "CARTE 19/06/19 79 H&M238         CB*5969" ""
  source: "qif"
  Actif:Boursorama:CCJoint                           -15.46 EUR
  Depenses:Habillement                                15.46 EUR

2019-06-24 * "CARTE 23/06/19 ITUNES.COM/BILL   CB*5969" ""
  source: "qif"
  Actif:Boursorama:CCJoint                            -0.99 EUR
  Depenses:Abo:Apple                                   0.99 EUR

2019-06-24 * "CARTE 22/06/19 79 BIOMARCHE      CB*5969" ""
  source: "qif"
  Actif:Boursorama:CCJoint                           -73.48 EUR
  Depenses:Alimentaire:Epicerie                       73.48 EUR

2019-06-24 * "CARTE 22/06/19 79 PICARD SA 282  CB*5969" ""
  source: "qif"
  Actif:Boursorama:CCJoint                           -54.28 EUR
  Depenses:Alimentaire:Epicerie                       54.28 EUR

2019-06-26 ! "ECH PRET:80280000606862232606" ""
  source: "qif"
  Actif:Boursorama:CCJoint                         -1082.26 EUR
  Passif:Boursorama:EmpruntRP                       1082.26 EUR

2019-06-26 * "VIR SEPA C.P.A.M. DE NIORT" ""
  source: "qif"
  Actif:Boursorama:CCJoint                            31.69 EUR
  Depenses:Sante                                     -31.69 EUR

2019-06-26 * "PRLV SEPA Engie" ""
  source: "qif"
  Actif:Boursorama:CCJoint                           -87.06 EUR
  Depenses:Abo:Gaz                                    87.06 EUR

2019-06-26 * "CARTE 25/06/19 79 AMIS DU MARAIS CB*5969" ""
  source: "qif"
  Actif:Boursorama:CCJoint                            -8.09 EUR
  Depenses:Alimentaire:Epicerie                        8.09 EUR

2019-06-27 * "PRLV SEPA ELECTRICITE DE FRANCE" ""
  source: "qif"
  Actif:Boursorama:CCJoint                          -112.62 EUR
  Depenses:Abo:Elec                                  112.62 EUR

2019-06-28 * "VIR SEPA HARMONIE MUTUELLE" ""
  source: "qif"
  Actif:Boursorama:CCJoint                            14.01 EUR
  Depenses:Sante                                     -14.01 EUR

2019-06-27 * "CARTE 26/06/19 79 H&M238         CB*5969" ""
  source: "qif"
  Actif:Boursorama:CCJoint                           -21.97 EUR
  Depenses:Habillement                                21.97 EUR

2019-06-28 * "PRLV SEPA URSSAF RHONE ALPES - CNCESU CE" ""
  source: "qif"
  Actif:Boursorama:CCJoint                           -63.13 EUR
  Depenses:Immobilier:Menage:Charges                  63.13 EUR

2019-06-28 * "PRLV SEPA TRES. NIORT-SEVRE MUNICIPALE -" ""
  source: "qif"
  Actif:Boursorama:CCJoint                          -205.67 EUR
  Depenses:Abo:Eau                                   205.67 EUR

2019-07-01 * "Relev{ diff{r{ Carte 4979********1979" ""
  source: "qif"
  Actif:Boursorama:CCJoint                          -352.89 EUR
  Passif:Boursorama:CBJoint                          352.89 EUR

2019-07-01 * "VIR Contribution compte commun" ""
  source: "qif"
  Actif:Boursorama:CCJoint                           500.00 EUR
  Actif:Boursorama:CCAnna                           -500.00 EUR

2019-07-02 * "CARTE 29/06/19 ITUNES.COM/BILL   CB*5969" ""
  source: "qif"
  Actif:Boursorama:CCJoint                            -2.17 EUR
  Depenses:Abo:Apple                                   2.17 EUR

2019-07-01 * "RETRAIT DAB 29/06/19 NIORT REPUB CB*5969" ""
  source: "qif"
  Actif:Boursorama:CCJoint                           -60.00 EUR
  Actif:Cash                                          60.00 EUR

2019-07-03 * "PRLV SEPA FREE MOBILE" ""
  source: "qif"
  Actif:Boursorama:CCJoint                            -6.35 EUR
  Depenses:Abo:Telephone                               6.35 EUR

2019-07-03 * "PRLV SEPA GMF ASSURANCES" ""
  source: "qif"
  Actif:Boursorama:CCJoint                           -86.19 EUR
  Depenses:Voitures:Assurance                            35 EUR
  Depenses:Immobilier:Assurance

2019-07-05 * "VIR SEPA CAF DES DEUX SEVRES" ""
  source: "qif"
  Actif:Boursorama:CCJoint                           131.55 EUR
  Revenus:CAF                                       -131.55 EUR

2019-07-05 * "*INTERETS DEBITEURS AU 30/06/19" ""
  source: "qif"
  Actif:Boursorama:CCJoint                            -0.38 EUR
  Depenses:Banque:Frais                                0.38 EUR

2019-07-05 * "*FRAIS BOURSORAMA PROTEC. DUO +" ""
  source: "qif"
  Actif:Boursorama:CCJoint                            -3.50 EUR
  Depenses:Assurance:CB                                3.50 EUR

2019-07-08 * "CARTE 07/07/19 79 INTERMARCHE    CB*5969" ""
  source: "qif"
  Actif:Boursorama:CCJoint                            -9.08 EUR
  Depenses:Alimentaire:Epicerie                        9.08 EUR

2019-07-08 * "CHQ. N.8128292" ""
  source: "qif"
  Actif:Boursorama:CCJoint                           -15.00 EUR
  Depenses:Divers                                     15.00 EUR

2019-07-08 * "CARTE 05/07/19 33 MAILLE SOUPLE  CB*5969" ""
  source: "qif"
  Actif:Boursorama:CCJoint                           -39.78 EUR
  Depenses:Loisirs:Couture                            39.78 EUR

2019-07-08 * "CARTE 05/07/19 79 INTERMARCHE DA CB*5969" ""
  source: "qif"
  Actif:Boursorama:CCJoint                           -49.70 EUR
  Depenses:Alimentaire:Epicerie                       49.70 EUR

2019-07-10 * "VIR SEPA C.P.A.M. DE NIORT" ""
  source: "qif"
  Actif:Boursorama:CCJoint                            31.69 EUR
  Depenses:Sante                                     -31.69 EUR

2019-07-12 * "VIR SEPA HARMONIE MUTUELLE" ""
  source: "qif"
  Actif:Boursorama:CCJoint                            14.01 EUR
  Depenses:Sante                                     -14.01 EUR

2019-07-11 * "PRLV SEPA OGEC SAINT HILAIRE" ""
  source: "qif"
  Actif:Boursorama:CCJoint                          -285.70 EUR
  Depenses:Enfants:Scolarite                         285.70 EUR

2019-07-15 * "PRLV SEPA DIRECTION GENERALE DES FINANCE" ""
  source: "qif"
  Actif:Boursorama:CCJoint                           -96.00 EUR
  Depenses:Impots:TH                                  96.00 EUR

2019-07-15 * "PRLV SEPA DIRECTION GENERALE DES FINANCE" ""
  source: "qif"
  Actif:Boursorama:CCJoint                          -106.00 EUR
  Depenses:Impots:TF                                 106.00 EUR

2019-07-15 * "CARTE 13/07/19 85 AUX VERGERS    CB*5969" ""
  source: "qif"
  Actif:Boursorama:CCJoint                           -30.35 EUR
  Depenses:Alimentaire:Epicerie                       30.35 EUR

2019-07-23 * "CHQ. N.8128293" ""
  source: "qif"
  Actif:Boursorama:CCJoint                           -58.00 EUR
  Depenses:Sante                                      58.00 EUR

2019-07-15 * "RETRAIT DAB 13/07/19 NIORT       CB*5969" ""
  source: "qif"
  Actif:Boursorama:CCJoint                          -100.00 EUR
  Actif:Cash                                         100.00 EUR

2019-07-23 * "CARTE 22/07/19 21 BILLET WEEZEVE CB*5969" ""
  source: "qif"
  Actif:Boursorama:CCJoint                           -37.98 EUR
  Depenses:Loisirs:Culture                            37.98 EUR

2019-07-26 ! "ECH PRET:80280000606862232607" ""
  source: "qif"
  Actif:Boursorama:CCJoint                         -1082.26 EUR
  Passif:Boursorama:EmpruntRP                       1082.26 EUR

2019-07-26 * "PRLV SEPA Engie" ""
  source: "qif"
  Actif:Boursorama:CCJoint                           -87.06 EUR
  Depenses:Abo:Gaz                                    87.06 EUR

2019-07-29 * "PRLV SEPA ELECTRICITE DE FRANCE" ""
  source: "qif"
  Actif:Boursorama:CCJoint                          -112.62 EUR
  Depenses:Abo:Elec                                  112.62 EUR

2019-07-29 * "CARTE 28/07/19 ITUNES.COM/BILL   CB*5969" ""
  source: "qif"
  Actif:Boursorama:CCJoint                            -2.99 EUR
  Depenses:Abo:Apple                                   2.99 EUR

2019-08-01 * "Relev{ diff{r{ Carte 4979********1979" ""
  dateImport: "2019-08-19 20:54:29.366212"
  source: "qif"
  Actif:Boursorama:CCJoint                          -368.74 EUR
  Passif:Boursorama:CBJoint                          368.74 EUR

2019-08-01 * "VIR Contribution compte commun" ""
  dateImport: "2019-08-19 20:54:29.366492"
  source: "qif"
  Actif:Boursorama:CCJoint                           500.00 EUR
  Actif:Boursorama:CCAnna                           -500.00 EUR

2019-08-02 * "VIR Versement Mensuel TG" ""
  dateImport: "2019-08-19 20:54:29.366769"
  source: "qif"
  Actif:Boursorama:CCJoint                          1500.00 EUR
  Actif:Boursorama:CCTim                           -1500.00 EUR

2019-08-05 * "PRLV SEPA GMF ASSURANCES" ""
  dateImport: "2019-08-19 20:54:29.367089"
  source: "qif"
  Actif:Boursorama:CCJoint                           -86.18 EUR
    Depenses:Voitures:Assurance                          
    Depenses:Immobilier:Assurance                     51.81 EUR

2019-08-05 * "VIR SEPA CAF DES DEUX SEVRES" ""
  dateImport: "2019-08-19 20:54:29.367370"
  source: "qif"
  Actif:Boursorama:CCJoint                           131.55 EUR
  Revenus:CAF                                       -131.55 EUR

2019-08-06 * "PRLV SEPA FREE MOBILE" ""
  dateImport: "2019-08-19 20:54:29.367645"
  source: "qif"
  Actif:Boursorama:CCJoint                            -4.55 EUR
  Depenses:Abo:Telephone                               4.55 EUR

2019-08-07 * "*FRAIS BOURSORAMA PROTEC. DUO +" ""
  dateImport: "2019-08-19 20:54:29.367923"
  source: "qif"
  Actif:Boursorama:CCJoint                            -3.50 EUR
  Depenses:Assurance:CB                                3.50 EUR

2019-08-08 * "REM CHQ N. 1183403" ""
  dateImport: "2019-08-19 20:54:29.368203"
  source: "qif"
  Actif:Boursorama:CCJoint                           112.90 EUR
  Revenus:VentesAnna                                -112.90 EUR

2019-08-08 * "REM CHQ N. 2190584" ""
  dateImport: "2019-08-19 20:54:29.368477"
  source: "qif"
  Actif:Boursorama:CCJoint                            70.00 EUR
  Revenus:VentesAnna                                 -70.00 EUR

2019-08-16 * "PRLV SEPA DIRECTION GENERALE DES FINANCE" ""
  dateImport: "2019-08-19 20:54:29.368755"
  source: "qif"
  Actif:Boursorama:CCJoint                          -106.00 EUR
  Depenses:Impots:TH                                 106.00 EUR

2019-08-16 * "PRLV SEPA DIRECTION GENERALE DES FINANCE" ""
  dateImport: "2019-08-19 20:54:29.369034"
  source: "qif"
  Actif:Boursorama:CCJoint                           -96.00 EUR
  Depenses:Impots:TF                                  96.00 EUR

2019-08-19 balance  Actif:Boursorama:CCJoint         674.97 EUR

1981-02-07 custom "fava-option" "insert-entry" "Actif:Boursorama:CCJoint"

*** CCAnna
2013-09-13 open Actif:Boursorama:CCAnna                     EUR
  account: "00040239557"
2013-09-14 pad  Actif:Boursorama:CCAnna  Equity:Opening-Balances
2019-08-19 balance  Actif:Boursorama:CCAnna          882.74 EUR

2019-01-02 * "VIR Contribution compte commun" ""
  source: "qif"
  Actif:Boursorama:CCJoint                           500.00 EUR
  Actif:Boursorama:CCAnna                           -500.00 EUR

2019-02-01 * "VIR Contribution compte commun" ""
  source: "qif"
  Actif:Boursorama:CCJoint                           500.00 EUR
  Actif:Boursorama:CCAnna                           -500.00 EUR

2019-03-01 * "VIR Contribution compte commun" ""
  source: "qif"
  Actif:Boursorama:CCJoint                           500.00 EUR
  Actif:Boursorama:CCAnna                           -500.00 EUR

2019-04-01 * "VIR Contribution compte commun" ""
  source: "qif"
  Actif:Boursorama:CCJoint                           500.00 EUR
  Actif:Boursorama:CCAnna                           -500.00 EUR

2019-04-26 * "VIR Virement interne depuis COMPTE P" ""
  source: "qif"
  Actif:Boursorama:CCJoint                           500.00 EUR
  Actif:Boursorama:CCAnna                           -500.00 EUR

2019-05-02 * "VIR Contribution compte commun" ""
  source: "qif"
  Actif:Boursorama:CCJoint                           500.00 EUR
  Actif:Boursorama:CCAnna                           -500.00 EUR

2019-05-28 * "VIR Vir. de Compte bancaire vers Com" ""
  source: "qif"
  Actif:Boursorama:CCJoint                           400.00 EUR
  Actif:Boursorama:CCAnna                           -400.00 EUR

1981-02-07 custom "fava-option" "insert-entry" "Actif:Boursorama:CCAnna"

** Cartes de crédit
*** Visa Compte Tim
2013-08-26 open   Passif:Boursorama:CBTim                   EUR
2013-08-27 pad    Passif:Boursorama:CBTim  Equity:Opening-Balances
2019-08-19 balance  Passif:Boursorama:CBTim         -513.45 EUR

2019-04-15 * "RETRAIT DAB 13/04/19 NIORT       CB*1974" ""
  source: "qif"
  Actif:Boursorama:CCTim                            -100.00 EUR
  Actif:Cash                                         100.00 EUR

2019-01-02 * "CARTE 31122018 LE FOURNIL" ""
  source: "qif"
  Passif:Boursorama:CBTim                             -5.60 EUR
  Depenses:Alimentaire:Epicerie                        5.60 EUR

2019-01-02 * "CARTE 31122018 PHIE DE L'OLIVIER" ""
  source: "qif"
  Passif:Boursorama:CBTim                             -7.13 EUR
  Depenses:Sante                                       7.13 EUR

2019-01-03 * "CARTE 02012019 79 PHIE BONNET ABELIN" ""
  source: "qif"
  Passif:Boursorama:CBTim                             -3.65 EUR
  Depenses:Sante                                       3.65 EUR

2019-01-04 * "CARTE 02012019 PICARD SA 282   4212109" ""
  source: "qif"
  Passif:Boursorama:CBTim                             -9.30 EUR
  Depenses:Alimentaire:Epicerie                        9.30 EUR

2019-01-07 * "CARTE 04012019 TISSUS DU RENARD" ""
  source: "qif"
  Passif:Boursorama:CBTim                            -13.10 EUR
  Depenses:Loisirs:Couture                            13.10 EUR

2019-01-07 * "CARTE 04012019 LA TRATTORIA" ""
  source: "qif"
  Passif:Boursorama:CBTim                            -16.80 EUR
  Depenses:Alimentaire:Restaurant                     16.80 EUR

2019-01-08 * "CARTE 05012019 INTERMARCHE" ""
  source: "qif"
  Passif:Boursorama:CBTim                             -6.97 EUR
  Depenses:Alimentaire:Epicerie                        6.97 EUR

2019-01-08 * "CARTE 07012019 E.L.G" ""
  source: "qif"
  Passif:Boursorama:CBTim                            -17.00 EUR
  Depenses:Coiffeur                                   17.00 EUR

2019-01-14 * "CARTE 09012019 29 MAX PAYPAL" "Spotify"
  source: "qif"
  Passif:Boursorama:CBTim                             -3.38 EUR
  Depenses:Abo:Musique                                 3.38 EUR

2019-01-14 * "CARTE 11012019 79 E LECLERC DAC VL" ""
  source: "qif"
  Passif:Boursorama:CBTim                            -55.01 EUR
  Depenses:Voitures:Carburant                         55.01 EUR

2019-01-14 * "CARTE 10012019 COMPTOIR DU PELICAN" ""
  source: "qif"
  Passif:Boursorama:CBTim                            -19.90 EUR
  Depenses:Alimentaire:Restaurant                     19.90 EUR

2019-01-14 * "CARTE 11012019 DOUC'HEUR DU MA" ""
  source: "qif"
  Passif:Boursorama:CBTim                            -21.70 EUR
  Depenses:Alimentaire:Restaurant                     21.70 EUR

2019-01-14 * "CARTE 12012019 PHARM DE PARIS" ""
  source: "qif"
  Passif:Boursorama:CBTim                             -8.67 EUR
  Depenses:Sante                                       8.67 EUR

2019-01-14 * "CARTE 12012019 LE GRAND BLEU" ""
  source: "qif"
  Passif:Boursorama:CBTim                            -11.40 EUR
  Depenses:Alimentaire:Epicerie                       11.40 EUR

2019-01-15 * "CARTE 12012019 AMIS DU MARAIS NIOR" ""
  source: "qif"
  Passif:Boursorama:CBTim                            -12.44 EUR
  Depenses:Alimentaire:Epicerie                       12.44 EUR

2019-01-17 * "CARTE 16012019 PIZZA FEU BOIS" ""
  source: "qif"
  Passif:Boursorama:CBTim                            -40.50 EUR
  Depenses:Alimentaire:Restaurant                     40.50 EUR

2019-01-21 * "CARTE 20012019 79 SEV" ""
  source: "qif"
  Passif:Boursorama:CBTim                           -282.64 EUR
  Depenses:Abo:Eau                                   282.64 EUR

2019-01-21 * "CARTE 19012019 79 E LECLERC DAC VL" ""
  source: "qif"
  Passif:Boursorama:CBTim                            -13.37 EUR
  Depenses:Voitures:Carburant                         13.37 EUR

2019-01-21 * "CARTE 17012019 MAISON CREPIN" ""
  source: "qif"
  Passif:Boursorama:CBTim                             -8.00 EUR
  Depenses:Alimentaire:Restaurant                      8.00 EUR

2019-01-24 * "CARTE 22012019 LE FOURNIL" ""
  source: "qif"
  Passif:Boursorama:CBTim                             -8.40 EUR
  Depenses:Alimentaire:Restaurant                      8.40 EUR

2019-01-28 * "CARTE 26012019 17 PAILLE M" ""
  source: "qif"
  Passif:Boursorama:CBTim                            -14.75 EUR
  Depenses:Alimentaire:Restaurant                     14.75 EUR

2019-01-28 * "CARTE 26012019 79 LE GRAND BLEU" ""
  source: "qif"
  Passif:Boursorama:CBTim                             -5.66 EUR
  Depenses:Alimentaire:Epicerie                        5.66 EUR

2019-01-28 * "CARTE 26012019 79 PHARM DE PARIS" ""
  source: "qif"
  Passif:Boursorama:CBTim                             -8.98 EUR
  Depenses:Sante                                       8.98 EUR

2019-01-28 * "CARTE 25012019 29 MAX GOLDEN FROG" ""
  source: "qif"
  Passif:Boursorama:CBTim                            -10.50 EUR
  Depenses:Abo:Serveur                                10.50 EUR

2019-01-28 * "CARTE 26012019 79 FROMAGES DE SYL" ""
  source: "qif"
  Passif:Boursorama:CBTim                             -8.90 EUR
  Depenses:Alimentaire:Epicerie                        8.90 EUR

2019-01-28 * "CARTE 26012019 79 AMIS DU MARAIS NIOR" ""
  source: "qif"
  Passif:Boursorama:CBTim                            -19.05 EUR
  Depenses:Alimentaire:Epicerie                       19.05 EUR

2019-01-30 * "CARTE 29012019 79 MAISON CREPIN" ""
  source: "qif"
  Passif:Boursorama:CBTim                             -8.25 EUR
  Depenses:Alimentaire:Restaurant                      8.25 EUR

2019-01-30 * "CARTE 28012019 MAISON CREPIN" ""
  source: "qif"
  Passif:Boursorama:CBTim                             -8.55 EUR
  Depenses:Alimentaire:Restaurant                      8.55 EUR

2019-01-31 ! "CARTE 30012019 79 ESA" ""
  source: "qif"
  Passif:Boursorama:CBTim                           -327.74 EUR
  Depenses:A-CLASSER                                 327.74 EUR

2019-02-01 * "CARTE 31012019 MC DONALD       4317004" ""
  source: "qif"
  Passif:Boursorama:CBTim                            -17.50 EUR
  Depenses:Alimentaire:Restaurant                     17.50 EUR

2019-02-04 * "CARTE 01022019 79 PHARM DE PARIS" ""
  source: "qif"
  Passif:Boursorama:CBTim                             -5.95 EUR
  Depenses:Sante                                       5.95 EUR

2019-02-04 * "CARTE 01022019 79 REG.STATIONMT" ""
  source: "qif"
  Passif:Boursorama:CBTim                             -0.70 EUR
  Actif:NoteDeFrais                                    0.70 EUR

2019-02-04 * "CARTE 01022019 79 MAISON CREPIN" ""
  source: "qif"
  Passif:Boursorama:CBTim                             -8.45 EUR
  Depenses:Alimentaire:Restaurant                      8.45 EUR

2019-02-04 * "CARTE 02022019 79 GALERIES LAFAYET" ""
  source: "qif"
  Passif:Boursorama:CBTim                           -192.61 EUR
  Depenses:Habillement                               192.61 EUR

2019-02-04 * "CARTE 02022019 CASTORAMA       2902628" ""
  source: "qif"
  Passif:Boursorama:CBTim                            -16.45 EUR
  Depenses:Immobilier:Travaux                         16.45 EUR

2019-02-08 * "CARTE 07022019 79 CAMINO" ""
  source: "qif"
  Passif:Boursorama:CBTim                            -15.20 EUR
  Depenses:Alimentaire:Restaurant                     15.20 EUR

2019-02-08 * "CARTE 07022019 79 MAISON CREPIN" ""
  source: "qif"
  Passif:Boursorama:CBTim                            -20.75 EUR
  Depenses:Alimentaire:Restaurant                     20.75 EUR

2019-02-08 * "CARTE 07022019 79 MAISON CREPIN" ""
  source: "qif"
  Passif:Boursorama:CBTim                             -8.45 EUR
  Depenses:Alimentaire:Restaurant                      8.45 EUR

2019-02-11 * "CARTE 08022019 79 PHARMACIE BLANCHART" ""
  source: "qif"
  Passif:Boursorama:CBTim                             -6.48 EUR
  Depenses:Sante                                       6.48 EUR

2019-02-11 * "CARTE 09022019 79 LE GRAND BLEU" ""
  source: "qif"
  Passif:Boursorama:CBTim                            -22.57 EUR
  Depenses:Alimentaire:Epicerie                       22.57 EUR

2019-02-11 * "CARTE 09022019 FROMAGES DE SYL" ""
  source: "qif"
  Passif:Boursorama:CBTim                            -11.16 EUR
  Depenses:Alimentaire:Epicerie                       11.16 EUR

2019-02-11 * "CARTE 09022019 PICARD SA 282   4212109" ""
  source: "qif"
  Passif:Boursorama:CBTim                            -41.59 EUR
  Depenses:Alimentaire:Epicerie                       41.59 EUR

2019-02-12 * "CARTE 10022019 IS NEWSGROUP.NINJA" ""
  source: "qif"
  Passif:Boursorama:CBTim                            -35.33 EUR
  Depenses:Abo:Serveur                                35.33 EUR

2019-02-12 * "CION OP.ETR IS NEWSGROUP.NINJA" ""
  source: "qif"
  Passif:Boursorama:CBTim                             -0.68 EUR
  Depenses:Banque:Frais                                0.68 EUR

2019-02-13 * "CARTE 09022019 29 MAX PAYPAL *SPOTIFY" "Spotify"
  source: "qif"
  Passif:Boursorama:CBTim                             -3.44 EUR
  Depenses:Abo:Musique                                 3.44 EUR

2019-02-13 * "CARTE 11022019 29 MAX SQ *GREEN GOAT GAM" ""
  source: "qif"
  Passif:Boursorama:CBTim                             -5.30 EUR
  Depenses:Abo:Serveur                                 5.30 EUR

2019-02-13 * "CARTE 09022019 INTERMARCHE" ""
  source: "qif"
  Passif:Boursorama:CBTim                            -12.93 EUR
  Depenses:Alimentaire:Epicerie                       12.93 EUR

2019-02-13 * "CARTE 09022019 AMIS DU MARAIS NIOR" ""
  source: "qif"
  Passif:Boursorama:CBTim                             -6.38 EUR
  Depenses:Alimentaire:Epicerie                        6.38 EUR

2019-02-18 * "CARTE 14022019 MAISON CREPIN" ""
  source: "qif"
  Passif:Boursorama:CBTim                             -8.45 EUR
  Depenses:Alimentaire:Restaurant                      8.45 EUR

2019-02-19 * "CARTE 18022019 79 READY MADE" ""
  source: "qif"
  Passif:Boursorama:CBTim                            -54.00 EUR
  Depenses:Alimentaire:Restaurant                     54.00 EUR

2019-02-19 * "CARTE 16022019 INTERMARCHE" ""
  source: "qif"
  Passif:Boursorama:CBTim                            -13.11 EUR
  Depenses:Alimentaire:Epicerie                       13.11 EUR

2019-02-20 * "CARTE 19022019 LES PLANCHES" ""
  source: "qif"
  Passif:Boursorama:CBTim                            -42.12 EUR
  Depenses:Alimentaire:Restaurant                     42.12 EUR

2019-02-20 * "CARTE 18022019 MAISON CREPIN" ""
  source: "qif"
  Passif:Boursorama:CBTim                             -8.25 EUR
  Depenses:Alimentaire:Restaurant                      8.25 EUR

2019-02-22 * "CARTE 21022019 79 COMPTOIR DU SIAM" ""
  source: "qif"
  Passif:Boursorama:CBTim                            -64.50 EUR
  Depenses:Alimentaire:Restaurant                     64.50 EUR

2019-02-22 * "CARTE 20022019 LE P'TIT ROUQUIN" ""
  source: "qif"
  Passif:Boursorama:CBTim                            -53.25 EUR
  Depenses:Alimentaire:Restaurant                     53.25 EUR

2019-02-25 * "CARTE 22022019 44 TAN 700 44 NANTE*" ""
  source: "qif"
  Passif:Boursorama:CBTim                            -15.30 EUR
  Depenses:Loisirs:Voyages                            15.30 EUR

2019-02-25 * "CARTE 22022019 44 LA REINE BLANCHE" ""
  source: "qif"
  Passif:Boursorama:CBTim                            -27.60 EUR
  Depenses:Alimentaire:Restaurant                     27.60 EUR

2019-02-25 * "CARTE 24022019 44 BICLOO NM" ""
  source: "qif"
  Passif:Boursorama:CBTim                             -2.00 EUR
  Depenses:Loisirs:Voyages                             2.00 EUR

2019-02-25 * "CARTE 24022019 44 BICLOO NM" ""
  source: "qif"
  Passif:Boursorama:CBTim                             -2.00 EUR
  Depenses:Loisirs:Voyages                             2.00 EUR

2019-02-25 * "CARTE 23022019 44 RVE" ""
  source: "qif"
  Passif:Boursorama:CBTim                            -63.70 EUR
  Depenses:Alimentaire:Restaurant                     63.70 EUR

2019-02-25 * "CARTE 24022019 79 INTERMARCHE DAC VL" ""
  source: "qif"
  Passif:Boursorama:CBTim                            -51.16 EUR
  Depenses:Alimentaire:Epicerie                       51.16 EUR

2019-02-25 * "CARTE 21022019 MAISON CREPIN" ""
  source: "qif"
  Passif:Boursorama:CBTim                             -8.00 EUR
  Depenses:Alimentaire:Restaurant                      8.00 EUR

2019-02-25 * "CARTE 22022019 MAISON CREPIN" ""
  source: "qif"
  Passif:Boursorama:CBTim                             -8.00 EUR
  Depenses:Alimentaire:Restaurant                      8.00 EUR

2019-02-25 * "CARTE 23022019 LA CIGALE" ""
  source: "qif"
  Passif:Boursorama:CBTim                            -32.00 EUR
  Depenses:Alimentaire:Restaurant                     32.00 EUR

2019-02-25 * "CARTE 23022019 DOCK YARD" ""
  source: "qif"
  Passif:Boursorama:CBTim                            -12.30 EUR
  Depenses:Alimentaire:Restaurant                     12.30 EUR

2019-02-25 * "CARTE 24022019 SARL LE BISTRO" ""
  source: "qif"
  Passif:Boursorama:CBTim                            -38.00 EUR
  Depenses:Alimentaire:Restaurant                     38.00 EUR

2019-02-26 * "CARTE 25022019 CARREFOUR MARKET" ""
  source: "qif"
  Passif:Boursorama:CBTim                             -8.20 EUR
  Equity:Opening-Balances                              8.20 EUR

2019-02-27 * "CARTE 25022019 29 MAX GOLDEN FROG" ""
  source: "qif"
  Passif:Boursorama:CBTim                            -10.50 EUR
  Depenses:Abo:Serveur                                10.50 EUR

2019-02-28 * "CARTE 26022019 17 FLOWER EXP CAMPI" ""
  source: "qif"
  Passif:Boursorama:CBTim                           -109.00 EUR
  Depenses:Loisirs:Voyages                           109.00 EUR

2019-02-28 * "CARTE 27022019 CARREFOUR MARKET" ""
  source: "qif"
  Passif:Boursorama:CBTim                             -7.21 EUR
  Depenses:Alimentaire:Epicerie                        7.21 EUR

2019-03-01 * "CARTE 28022019 79 LEMMY" ""
  source: "qif"
  Passif:Boursorama:CBTim                            -12.00 EUR
  Depenses:Alimentaire:Restaurant                     12.00 EUR

2019-03-01 * "CARTE 28022019 79 MC DONALD" ""
  source: "qif"
  Passif:Boursorama:CBTim                            -15.40 EUR
  Depenses:Alimentaire:Restaurant                     15.40 EUR

2019-03-04 * "CARTE 03032019 44 BICLOO NM" ""
  source: "qif"
  Passif:Boursorama:CBTim                             -1.00 EUR
  Depenses:Loisirs:Voyages                             1.00 EUR

2019-03-05 * "CARTE 28022019 LA BESSINOISE" ""
  source: "qif"
  Passif:Boursorama:CBTim                             -9.30 EUR
  Depenses:Alimentaire:Restaurant                      9.30 EUR

2019-03-04 * "CARTE 03032019 44 BICLOO NM" ""
  source: "qif"
  Passif:Boursorama:CBTim                             -1.00 EUR
  Depenses:Loisirs:Voyages                             1.00 EUR

2019-03-05 * "CARTE 02032019 QUICK" ""
  source: "qif"
  Passif:Boursorama:CBTim                            -16.00 EUR
  Depenses:Alimentaire:Restaurant                     16.00 EUR

2019-03-05 * "CARTE 02032019 CASTORAMA       2902628" ""
  source: "qif"
  Passif:Boursorama:CBTim                            -44.54 EUR
  Depenses:Immobilier:Travaux                         44.54 EUR

2019-03-05 * "CARTE 02032019 CASTORAMA       2902628" ""
  source: "qif"
  Passif:Boursorama:CBTim                            -27.06 EUR
  Depenses:Immobilier:Travaux                         27.06 EUR

2019-03-05 * "CARTE 04032019 PICARD SA  0824" ""
  source: "qif"
  Passif:Boursorama:CBTim                            -44.42 EUR
  Depenses:Alimentaire:Epicerie                       44.42 EUR

2019-03-06 * "CARTE 04032019 MAISON CREPIN" ""
  source: "qif"
  Passif:Boursorama:CBTim                             -8.25 EUR
  Depenses:Alimentaire:Restaurant                      8.25 EUR

2019-03-07 * "CARTE 05032019 LA BESSINOISE" ""
  source: "qif"
  Passif:Boursorama:CBTim                             -8.90 EUR
  Depenses:Alimentaire:Restaurant                      8.90 EUR

2019-03-08 * "CARTE 07032019 79 LA BESSINOISE" ""
  source: "qif"
  Passif:Boursorama:CBTim                             -9.20 EUR
  Depenses:Alimentaire:Restaurant                      9.20 EUR

2019-03-12 * "CARTE 09/03/19 29 MAX PAYPAL *SPOTIFY" "Spotify"
  source: "qif"
  Passif:Boursorama:CBTim                             -3.47 EUR
  Depenses:Abo:Musique                                 3.47 EUR

2019-03-12 * "CARTE 11/03/19 79 E.L.G" ""
  source: "qif"
  Passif:Boursorama:CBTim                            -14.00 EUR
  Depenses:Coiffeur                                   14.00 EUR

2019-03-12 * "CARTE 07/03/19 LE GEETHANJALI" ""
  source: "qif"
  Passif:Boursorama:CBTim                            -10.50 EUR
  Depenses:Alimentaire:Restaurant                     10.50 EUR

2019-03-12 * "CARTE 09/03/19 CASTORAMA       2902628" ""
  source: "qif"
  Passif:Boursorama:CBTim                            -68.33 EUR
  Depenses:Immobilier:Travaux                         68.33 EUR

2019-03-12 * "CARTE 11/03/19 CARREFOUR NIORT" ""
  source: "qif"
  Passif:Boursorama:CBTim                            -10.45 EUR
  Depenses:Alimentaire:Epicerie                       10.45 EUR

2019-03-13 * "CARTE 12/03/19 44 REL. BOUGUENAIS" ""
  source: "qif"
  Passif:Boursorama:CBTim                            -26.55 EUR
  Actif:NoteDeFrais                                   26.55 EUR

2019-03-15 * "CARTE 12/03/19 84 ASF-NIORT OUEST" ""
  source: "qif"
  Passif:Boursorama:CBTim                            -10.90 EUR
  Actif:NoteDeFrais                                   10.90 EUR

2019-03-15 * "CARTE 13/03/19 LA BESSINOISE" ""
  source: "qif"
  Passif:Boursorama:CBTim                             -9.50 EUR
  Depenses:Alimentaire:Restaurant                      9.50 EUR

2019-03-19 * "CARTE 18/03/19 35 FAMILEO" ""
  source: "qif"
  Passif:Boursorama:CBTim                             -9.00 EUR
  Depenses:Divers                                      9.00 EUR

2019-03-19 * "CARTE 16/03/19 INTERMARCHE" ""
  source: "qif"
  Passif:Boursorama:CBTim                            -14.30 EUR
  Depenses:Alimentaire:Epicerie                       14.30 EUR

2019-03-19 * "CARTE 16/03/19 INTERMARCHE" ""
  source: "qif"
  Passif:Boursorama:CBTim                             -9.00 EUR
  Depenses:Alimentaire:Epicerie                        9.00 EUR

2019-03-21 * "CARTE 16/03/19 29 MAX PICARD SA 282" ""
  source: "qif"
  Passif:Boursorama:CBTim                            -31.76 EUR
  Depenses:Alimentaire:Epicerie                       31.76 EUR

2019-03-21 * "CARTE 20/03/19 79 L'ADRESSE" ""
  source: "qif"
  Passif:Boursorama:CBTim                            -66.90 EUR
  Actif:NoteDeFrais                                   66.90 EUR

2019-03-21 * "CARTE 19/03/19 MAISON CREPIN" ""
  source: "qif"
  Passif:Boursorama:CBTim                             -8.00 EUR
  Depenses:Alimentaire:Restaurant                      8.00 EUR

2019-03-22 * "CARTE 21/03/19 79 AUBERGE DE CRESPE" ""
  source: "qif"
  Passif:Boursorama:CBTim                            -78.30 EUR
  Actif:NoteDeFrais                                   78.30 EUR

2019-03-25 * "CARTE 22/03/19 33 CULTURA" ""
  source: "qif"
  Passif:Boursorama:CBTim                             -3.81 EUR
  Depenses:Loisirs:Culture                             3.81 EUR

2019-03-25 * "CARTE 23/03/19 SUPER U         9232300" ""
  source: "qif"
  Passif:Boursorama:CBTim                             -3.22 EUR
  Depenses:Alimentaire:Epicerie                        3.22 EUR

2019-03-25 * "CARTE 23/03/19 PICARD SA 282   4212109" ""
  source: "qif"
  Passif:Boursorama:CBTim                             -3.65 EUR
  Depenses:Alimentaire:Epicerie                        3.65 EUR

2019-03-26 * "CARTE 23/03/19 INTERMARCHE" ""
  source: "qif"
  Passif:Boursorama:CBTim                            -21.04 EUR
  Depenses:Alimentaire:Epicerie                       21.04 EUR

2019-03-26 * "CARTE 23/03/19 AMIS DU MARAIS NIOR" ""
  source: "qif"
  Passif:Boursorama:CBTim                            -16.60 EUR
  Depenses:Alimentaire:Epicerie                       16.60 EUR

2019-03-27 * "CARTE 25/03/19 29 MAX GOLDEN FROG" ""
  source: "qif"
  Passif:Boursorama:CBTim                            -10.50 EUR
  Depenses:Abo:Serveur                                10.50 EUR

2019-04-01 * "CARTE 30/03/19 79 DECATHLON 0092" "Préparation Madagascar"
  source: "qif"
  Passif:Boursorama:CBTim                           -101.70 EUR
  Depenses:Loisirs:Voyages                           101.70 EUR

2019-04-01 * "CARTE 28/03/19 MAISON CREPIN" ""
  source: "qif"
  Passif:Boursorama:CBTim                             -8.45 EUR
  Depenses:Alimentaire:Restaurant                      8.45 EUR

2019-04-01 * "CARTE 30/03/19 PICARD SA 282   4212109" ""
  source: "qif"
  Passif:Boursorama:CBTim                            -35.14 EUR
  Depenses:Alimentaire:Epicerie                       35.14 EUR

2019-04-03 * "CARTE 29/03/19 79 LA BESSINOISE" ""
  source: "qif"
  Passif:Boursorama:CBTim                             -8.30 EUR
  Depenses:Alimentaire:Restaurant                      8.30 EUR

2019-04-03 * "CARTE 22/03/19 79 LA BESSINOISE" ""
  source: "qif"
  Passif:Boursorama:CBTim                             -8.10 EUR
  Depenses:Alimentaire:Restaurant                      8.10 EUR

2019-04-01 * "CARTE 30/03/19 79 PHARM DE PARIS" ""
  source: "qif"
  Passif:Boursorama:CBTim                            -30.65 EUR
  Depenses:Sante                                      30.65 EUR

2019-04-05 * "CARTE 04/04/19 39 LA FONTAINE" ""
  source: "qif"
  Passif:Boursorama:CBTim                           -329.24 EUR
  Actif:NoteDeFrais                                  329.24 EUR

2019-04-08 * "CARTE 05/04/19 39 ATELIER ENIL" ""
  source: "qif"
  Passif:Boursorama:CBTim                            -10.60 EUR
  Depenses:Alimentaire:VinsEtAlcool                   10.60 EUR

2019-04-08 * "CARTE 06/04/19 79 PHARM DE PARIS" ""
  source: "qif"
  Passif:Boursorama:CBTim                             -6.20 EUR
  Depenses:Sante                                       6.20 EUR

2019-04-08 * "CARTE 06/04/19 DECATHLON       4219948" ""
  source: "qif"
  Passif:Boursorama:CBTim                             -2.90 EUR
  Depenses:Loisirs:Velos                               2.90 EUR

2019-04-05 * "CARTE 04/04/19 39 BADOZ VINS FROMA" ""
  source: "qif"
  Passif:Boursorama:CBTim                            -29.36 EUR
  Depenses:Alimentaire:Epicerie                       29.36 EUR

2019-04-08 * "CARTE 06/04/19 CASTORAMA       2902628" ""
  source: "qif"
  Passif:Boursorama:CBTim                            -52.75 EUR
  Depenses:Immobilier:Travaux                         52.75 EUR

2019-04-09 * "CARTE 06/04/19 E LECLERC" ""
  source: "qif"
  Passif:Boursorama:CBTim                            -22.17 EUR
  Depenses:Alimentaire:Epicerie                       22.17 EUR

2019-04-09 * "CARTE 07/04/19 INTERMARCHE" ""
  source: "qif"
  Passif:Boursorama:CBTim                             -9.56 EUR
  Depenses:Alimentaire:Epicerie                        9.56 EUR

2019-04-10 * "CARTE 09/04/19 79 PHIE ST FLORENT" ""
  source: "qif"
  Passif:Boursorama:CBTim                             -9.08 EUR
  Depenses:Sante                                       9.08 EUR

2019-04-12 * "CARTE 09/04/19 29 MAX PAYPAL *SPOTIFY" "Spotify"
  source: "qif"
  Passif:Boursorama:CBTim                             -3.47 EUR
  Depenses:Abo:Musique                                 3.47 EUR

2019-04-12 * "CARTE 11/04/19 PHARM DE PARIS" ""
  source: "qif"
  Passif:Boursorama:CBTim                             -3.30 EUR
  Depenses:Sante                                       3.30 EUR

2019-04-15 * "CARTE 12/04/19 79 V AND B" ""
  source: "qif"
  Passif:Boursorama:CBTim                            -24.00 EUR
  Depenses:Alimentaire:VinsEtAlcool                   24.00 EUR

2019-04-15 * "CARTE 13/04/19 75 MGP*LEETCHI.COM" "Cadeau Matthieu Mattera"
  source: "qif"
  Passif:Boursorama:CBTim                            -50.00 EUR
  Depenses:Cadeaux                                    50.00 EUR

2019-04-15 * "CARTE 13/04/19 79 INTERMARCHE DAC VL" ""
  source: "qif"
  Passif:Boursorama:CBTim                            -37.96 EUR
  Depenses:Voitures:Carburant                         37.96 EUR

2019-04-15 * "CARTE 12/04/19 PHARM DE PARIS" ""
  source: "qif"
  Passif:Boursorama:CBTim                             -3.00 EUR
  Depenses:Sante                                       3.00 EUR

2019-04-15 * "CARTE 12/04/19 SB" ""
  source: "qif"
  Passif:Boursorama:CBTim                             -9.90 EUR
  Depenses:Alimentaire:Restaurant                      9.90 EUR

2019-04-15 * "CARTE 11/04/19 MAISON CREPIN" ""
  source: "qif"
  Passif:Boursorama:CBTim                             -9.70 EUR
  Depenses:Alimentaire:Restaurant                      9.70 EUR

2019-04-15 * "CARTE 14/04/19 RELAY 352534SC  4230604" ""
  source: "qif"
  Passif:Boursorama:CBTim                            -10.00 EUR
  Depenses:Loisirs:Culture                            10.00 EUR

2019-04-16 * "CARTE 14/04/19 BUY PARIS DUTY  4701427" ""
  source: "qif"
  Passif:Boursorama:CBTim                            -20.20 EUR
  Depenses:Alimentaire:VinsEtAlcool                   20.20 EUR

2019-04-29 * "CARTE 27/04/19 17 FLOWER EXP CAMPI" ""
  source: "qif"
  Passif:Boursorama:CBTim                           -282.00 EUR
  Depenses:Loisirs:Voyages                           282.00 EUR

2019-04-29 * "CARTE 26/04/19 LE BUS DIRECT" ""
  source: "qif"
  Passif:Boursorama:CBTim                            -46.00 EUR
  Depenses:Loisirs:Voyages                            46.00 EUR

2019-04-29 * "CARTE 27/04/19 LEROY MERLIN SC" ""
  source: "qif"
  Passif:Boursorama:CBTim                           -244.49 EUR
  Depenses:Immobilier:Travaux                        244.49 EUR

2019-04-29 * "CARTE 27/04/19 LEROY MERLIN SC" ""
  source: "qif"
  Passif:Boursorama:CBTim                            -23.70 EUR
  Depenses:Immobilier:Travaux                         23.70 EUR

2019-05-02 * "CARTE 30/04/19 MAISON CREPIN" ""
  source: "qif"
  Passif:Boursorama:CBTim                             -8.00 EUR
  Depenses:Alimentaire:Restaurant                      8.00 EUR

2019-05-07 * "CARTE 02/05/19 MAISON CREPIN" ""
  source: "qif"
  Passif:Boursorama:CBTim                             -5.85 EUR
  Depenses:Alimentaire:Restaurant                      5.85 EUR

2019-05-06 * "CARTE 03/05/19 79 LA BESSINOISE" ""
  source: "qif"
  Passif:Boursorama:CBTim                             -8.30 EUR
  Depenses:Alimentaire:Restaurant                      8.30 EUR

2019-05-07 * "CARTE 05/05/19 PICARD SA  0824" ""
  source: "qif"
  Passif:Boursorama:CBTim                            -52.89 EUR
  Depenses:Alimentaire:Epicerie                       52.89 EUR

2019-05-07 * "CARTE 25/04/19 MG SOFITRANS" "Mada"
  source: "qif"
  Passif:Boursorama:CBTim                             -4.46 EUR
  Depenses:Loisirs:Voyages                             4.46 EUR

2019-05-07 * "CION OP.ETR MG SOFITRANS" ""
  source: "qif"
  Passif:Boursorama:CBTim                             -0.08 EUR
  Depenses:Banque:Frais                                0.08 EUR

2019-05-10 * "CARTE 09/05/19 79 LA BESSINOISE" ""
  source: "qif"
  Passif:Boursorama:CBTim                             -8.70 EUR
  Depenses:Alimentaire:Restaurant                      8.70 EUR

2019-05-10 * "CARTE 07/05/19 BREIZH'NAD" ""
  source: "qif"
  Passif:Boursorama:CBTim                            -18.00 EUR
  Depenses:Alimentaire:Restaurant                     18.00 EUR

2019-05-13 * "CARTE 10/05/19 79 ANGE" ""
  source: "qif"
  Passif:Boursorama:CBTim                             -4.95 EUR
  Depenses:Alimentaire:Epicerie                        4.95 EUR

2019-05-13 * "CARTE 09/05/19 29 MAX PAYPAL *SPOTIFY" "Spotify"
  source: "qif"
  Passif:Boursorama:CBTim                             -3.48 EUR
  Depenses:Abo:Musique                                 3.48 EUR

2019-05-13 * "CARTE 11/05/19 LEROY MERLIN SC" ""
  source: "qif"
  Passif:Boursorama:CBTim                             -8.45 EUR
  Depenses:Immobilier:Travaux                          8.45 EUR

2019-05-13 * "CARTE 11/05/19 LEROY MERLIN SC" ""
  source: "qif"
  Passif:Boursorama:CBTim                           -115.70 EUR
  Depenses:Immobilier:Travaux                        115.70 EUR

2019-05-13 * "CARTE 11/05/19 LEROY MERLIN SC" ""
  source: "qif"
  Passif:Boursorama:CBTim                            -20.70 EUR
  Depenses:Immobilier:Travaux                         20.70 EUR

2019-05-15 * "CARTE 14/05/19 79 E.L.G" "Coiffeur"
  source: "qif"
  Passif:Boursorama:CBTim                            -17.00 EUR
  Depenses:Coiffeur                                   17.00 EUR

2019-05-15 * "CARTE 14/05/19 MC DONALD       4317004" ""
  source: "qif"
  Passif:Boursorama:CBTim                            -19.40 EUR
  Depenses:Alimentaire:Restaurant                     19.40 EUR

2019-05-17 * "CARTE 16/05/19 79 LEMMY" ""
  source: "qif"
  Passif:Boursorama:CBTim                             -8.50 EUR
  Depenses:Alimentaire:Restaurant                      8.50 EUR

2019-05-17 * "CARTE 15/05/19 COMPTOIR DU PELICAN" ""
  source: "qif"
  Passif:Boursorama:CBTim                            -16.50 EUR
  Depenses:Alimentaire:Restaurant                     16.50 EUR

2019-05-20 * "CARTE 18/05/19 79 INTERMARCHE DAC VL" ""
  source: "qif"
  Passif:Boursorama:CBTim                            -57.01 EUR
  Depenses:Voitures:Carburant                         57.01 EUR

2019-05-20 * "CARTE 16/05/19 MAISON CREPIN" ""
  source: "qif"
  Passif:Boursorama:CBTim                             -8.45 EUR
  Depenses:Alimentaire:Restaurant                      8.45 EUR

2019-05-20 * "CARTE 18/05/19 LEROY MERLIN SC" ""
  source: "qif"
  Passif:Boursorama:CBTim                            -42.70 EUR
  Depenses:Immobilier:Travaux                         42.70 EUR

2019-05-21 * "CARTE 20/05/19 PHARM DE PARIS" ""
  source: "qif"
  Passif:Boursorama:CBTim                            -30.70 EUR
  Depenses:Sante                                      30.70 EUR

2019-05-21 * "CARTE 19/05/19 INTERMARCHE" ""
  source: "qif"
  Passif:Boursorama:CBTim                             -5.57 EUR
  Depenses:Alimentaire:Epicerie                        5.57 EUR

2019-05-23 * "CARTE 22/05/19 79 LA BESSINOISE" ""
  source: "qif"
  Passif:Boursorama:CBTim                             -8.10 EUR
  Depenses:Alimentaire:Restaurant                      8.10 EUR

2019-05-24 * "CARTE 21/05/19 MAISON CREPIN" ""
  source: "qif"
  Passif:Boursorama:CBTim                             -8.00 EUR
  Depenses:Alimentaire:Restaurant                      8.00 EUR

2019-05-27 * "CARTE 25/05/19 84 ASF-BIGNON" ""
  source: "qif"
  Passif:Boursorama:CBTim                            -10.90 EUR
  Actif:NoteDeFrais                                   10.90 EUR

2019-05-29 * "CARTE 28/05/19 84 ASF-NIORT OUEST" ""
  source: "qif"
  Passif:Boursorama:CBTim                            -10.90 EUR
  Actif:NoteDeFrais                                   10.90 EUR

2019-05-29 * "CARTE 25/05/19 GB GATE GROUP INFLIGHT" ""
  source: "qif"
  Passif:Boursorama:CBTim                            -12.00 EUR
  Actif:NoteDeFrais                                   12.00 EUR

2019-05-29 * "CION OP.ETR IL CHNYON HACHOF" ""
  source: "qif"
  Passif:Boursorama:CBTim                             -0.09 EUR
  Depenses:Banque:Frais                                0.09 EUR

2019-05-29 * "CARTE 26/05/19 IL CHNYON HACHOF" ""
  source: "qif"
  Passif:Boursorama:CBTim                             -4.98 EUR
  Actif:NoteDeFrais                                    4.98 EUR

2019-05-31 * "CARTE 28/05/19 AEROPORT GDOUEST" ""
  source: "qif"
  Passif:Boursorama:CBTim                            -59.90 EUR
  Actif:NoteDeFrais                                   59.90 EUR

2019-05-31 * "CARTE 29/05/19 INTERMARCHE" ""
  source: "qif"
  Passif:Boursorama:CBTim                            -71.93 EUR
  Depenses:Alimentaire:Epicerie                       71.93 EUR

2019-06-03 * "CARTE 31/05/19 17 CORNER DU MOLE" ""
  source: "qif"
  Passif:Boursorama:CBTim                            -69.00 EUR
  Depenses:Alimentaire:Restaurant                     69.00 EUR

2019-06-05 * "CARTE 04/06/19 79 LA BESSINOISE" ""
  source: "qif"
  Passif:Boursorama:CBTim                             -9.50 EUR
  Depenses:Alimentaire:Restaurant                      9.50 EUR

2019-06-05 * "CARTE 03/06/19 MAISON CREPIN" ""
  source: "qif"
  Passif:Boursorama:CBTim                             -8.00 EUR
  Depenses:Alimentaire:Restaurant                      8.00 EUR

2019-06-11 * "CARTE 09/06/19 29 MAX PAYPAL *SPOTIFY" "Spotify"
  source: "qif"
  Passif:Boursorama:CBTim                             -3.48 EUR
  Depenses:Abo:Musique                                 3.48 EUR

2019-06-11 * "CARTE 10/06/19 LEROY MERLIN SC" ""
  source: "qif"
  Passif:Boursorama:CBTim                            -98.56 EUR
  Depenses:Immobilier:Travaux                         98.56 EUR

2019-06-12 * "CARTE 11/06/19 PHARM DE PARIS" ""
  source: "qif"
  Passif:Boursorama:CBTim                            -17.05 EUR
  Depenses:Sante                                      17.05 EUR

2019-06-17 * "CARTE 15/06/19 LEROY MERLIN SC" ""
  source: "qif"
  Passif:Boursorama:CBTim                            -27.86 EUR
  Depenses:Immobilier:Travaux                         27.86 EUR

2019-06-17 * "CARTE 14/06/19 BREIZH'NAD" ""
  source: "qif"
  Passif:Boursorama:CBTim                            -39.90 EUR
  Depenses:Alimentaire:Restaurant                     39.90 EUR

2019-06-17 * "CARTE 12/06/19 GB GATE GROUP INFLIGHT" ""
  source: "qif"
  Passif:Boursorama:CBTim                             -3.00 EUR
  Actif:NoteDeFrais                                    3.00 EUR

2019-06-24 * "CARTE 22/06/19 79 FROMAGES DE SYL" ""
  source: "qif"
  Passif:Boursorama:CBTim                            -12.79 EUR
  Depenses:Alimentaire:Epicerie                       12.79 EUR

2019-06-24 * "CARTE 21/06/19 79 EFFIA" ""
  source: "qif"
  Passif:Boursorama:CBTim                            -38.40 EUR
  Actif:NoteDeFrais                                   38.40 EUR

2019-06-24 * "CARTE 22/06/19 79 DIEUMEGARD RAPHAEL" ""
  source: "qif"
  Passif:Boursorama:CBTim                            -33.07 EUR
  Depenses:Alimentaire:Epicerie                       33.07 EUR

2019-06-24 * "CARTE 22/06/19 LEROY MERLIN SC" ""
  source: "qif"
  Passif:Boursorama:CBTim                           -279.09 EUR
  Depenses:Immobilier:Travaux                        279.09 EUR

2019-06-24 * "CARTE 21/06/19 SELECTA TGV2 RCG" ""
  source: "qif"
  Passif:Boursorama:CBTim                             -3.00 EUR
  Depenses:Alimentaire:Restaurant                      3.00 EUR

2019-06-25 * "CARTE 22/06/19 INTERMARCHE" ""
  source: "qif"
  Passif:Boursorama:CBTim                            -53.25 EUR
  Depenses:Voitures:Carburant                         53.25 EUR

2019-06-27 * "CARTE 25/06/19 BOULANGERIE CREPIN" ""
  source: "qif"
  Passif:Boursorama:CBTim                             -8.65 EUR
  Depenses:Alimentaire:Restaurant                      8.65 EUR

2019-06-28 * "CARTE 26/06/19 INTERMARCHE" ""
  source: "qif"
  Passif:Boursorama:CBTim                             -8.78 EUR
  Depenses:Alimentaire:Epicerie                        8.78 EUR

2019-06-28 * "CARTE 26/06/19 BOULANGERIE CREPIN" ""
  source: "qif"
  Passif:Boursorama:CBTim                             -8.10 EUR
  Depenses:Alimentaire:Restaurant                      8.10 EUR

2019-07-01 * "CARTE 27/06/19 BOULANGERIE CREPIN" ""
  source: "qif"
  Passif:Boursorama:CBTim                            -13.70 EUR
  Depenses:Alimentaire:Restaurant                     13.70 EUR

2019-07-01 * "CARTE 28/06/19 BOULANGERIE CREPIN" ""
  source: "qif"
  Passif:Boursorama:CBTim                            -12.20 EUR
  Depenses:Alimentaire:Restaurant                     12.20 EUR

2019-07-02 * "CARTE 29/06/19 E LECLERC" ""
  source: "qif"
  Passif:Boursorama:CBTim                            -35.84 EUR
  Depenses:Alimentaire:Epicerie                       35.84 EUR

2019-07-02 * "CARTE 30/06/19 INTERMARCHE" ""
  source: "qif"
  Passif:Boursorama:CBTim                             -3.82 EUR
  Depenses:Alimentaire:Epicerie                        3.82 EUR

2019-07-04 * "CARTE 02/07/19 BOULANGERIE CREPIN" ""
  source: "qif"
  Passif:Boursorama:CBTim                             -7.90 EUR
  Depenses:Alimentaire:Restaurant                      7.90 EUR

2019-07-01 * "CARTE 29/06/19 CASTORAMA       2902628" ""
  source: "qif"
  Passif:Boursorama:CBTim                            -41.60 EUR
  Depenses:Immobilier:Travaux                         41.60 EUR

2019-07-08 * "CARTE 05/07/19 44 AEROPORT GDOUEST" ""
  source: "qif"
  Passif:Boursorama:CBTim                            -66.40 EUR
  Actif:NoteDeFrais                                   66.40 EUR

2019-07-08 * "CARTE 05/07/19 79 E LECLERC DAC VL" ""
  source: "qif"
  Passif:Boursorama:CBTim                            -54.02 EUR
  Depenses:Voitures:Carburant                         54.02 EUR

2019-07-08 * "CARTE 07/07/19 84 ASF-BIGNON" ""
  source: "qif"
  Passif:Boursorama:CBTim                            -10.90 EUR
  Actif:NoteDeFrais                                   10.90 EUR

2019-07-08 * "CARTE 04/07/19 BOULANGERIE CREPIN" ""
  source: "qif"
  Passif:Boursorama:CBTim                             -8.55 EUR
  Depenses:Alimentaire:Restaurant                      8.55 EUR

2019-07-08 * "CARTE 07/07/19 SELECTA AIRPORTC" ""
  source: "qif"
  Passif:Boursorama:CBTim                             -2.00 EUR
  Depenses:Alimentaire:Restaurant                      2.00 EUR

2019-07-08 * "CARTE 07/07/19 SELECTA AIRPORTC" ""
  source: "qif"
  Passif:Boursorama:CBTim                             -2.50 EUR
  Depenses:Alimentaire:Restaurant                      2.50 EUR

2019-07-08 * "CARTE 07/07/19 KIOSQUE         4896665" ""
  source: "qif"
  Passif:Boursorama:CBTim                             -9.10 EUR
  Depenses:Divers                                      9.10 EUR

2019-07-09 * "CARTE 06/07/19 INTERMARCHE" ""
  source: "qif"
  Passif:Boursorama:CBTim                             -1.99 EUR
  Depenses:Alimentaire:Epicerie                        1.99 EUR

2019-07-11 * "CARTE 09/07/19 29 MAX PAYPAL *SPOTIFY" "Spotify"
  source: "qif"
  Passif:Boursorama:CBTim                             -3.52 EUR
  Depenses:Abo:Musique                                 3.52 EUR

2019-07-12 * "CARTE 11/07/19 44 VORWERK FRANCE" ""
  source: "qif"
  Passif:Boursorama:CBTim                           -433.00 EUR
  Depenses:Loisirs:Gadgets                           433.00 EUR

2019-07-12 * "CARTE 10/07/19 84 ASF-NIORT OUEST" ""
  source: "qif"
  Passif:Boursorama:CBTim                            -10.90 EUR
  Actif:NoteDeFrais                                   10.90 EUR

2019-07-15 * "CARTE 11/07/19 79 OX LOISIRS" ""
  source: "qif"
  Passif:Boursorama:CBTim                            -18.00 EUR
  Depenses:Alimentaire:VinsEtAlcool                   18.00 EUR

2019-07-15 * "CARTE 13/07/19 79 INTERMARCHE" ""
  source: "qif"
  Passif:Boursorama:CBTim                            -17.90 EUR
  Depenses:Alimentaire:Epicerie                       17.90 EUR

2019-07-15 * "CARTE 11/07/19 OX LOISIRS" ""
  source: "qif"
  Passif:Boursorama:CBTim                            -10.55 EUR
  Depenses:Alimentaire:VinsEtAlcool                   10.55 EUR

2019-07-16 * "CARTE 13/07/19 INTERMARCHE" ""
  source: "qif"
  Passif:Boursorama:CBTim                             -4.17 EUR
  Depenses:Alimentaire:Epicerie                        4.17 EUR

2019-07-16 * "CARTE 13/07/19 E LECLERC" ""
  source: "qif"
  Passif:Boursorama:CBTim                            -20.08 EUR
  Depenses:Alimentaire:Epicerie                       20.08 EUR

2019-07-17 * "CARTE 16/07/19 CARREFOUR NIORT" ""
  source: "qif"
  Passif:Boursorama:CBTim                             -5.95 EUR
  Depenses:Alimentaire:Epicerie                        5.95 EUR

2019-07-17 * "CARTE 16/07/19 E.L.G" "Coiffeur"
  source: "qif"
  Passif:Boursorama:CBTim                            -17.00 EUR
  Depenses:Coiffeur                                   17.00 EUR

2019-07-17 * "CARTE 16/07/19 AU BON CRU" ""
  source: "qif"
  Passif:Boursorama:CBTim                             -6.00 EUR
  Depenses:Alimentaire:VinsEtAlcool                    6.00 EUR

2019-07-18 * "CARTE 17/07/19 79 LA BESSINOISE" ""
  source: "qif"
  Passif:Boursorama:CBTim                             -8.90 EUR
  Depenses:Alimentaire:Restaurant                      8.90 EUR

2019-07-19 * "CARTE 18/07/19 PHARM DE PARIS" ""
  source: "qif"
  Passif:Boursorama:CBTim                             -3.00 EUR
  Depenses:Sante                                       3.00 EUR

2019-07-22 * "CARTE 18/07/19 INTERMARCHE" ""
  source: "qif"
  Passif:Boursorama:CBTim                            -11.95 EUR
  Depenses:Alimentaire:Epicerie                       11.95 EUR

2019-07-22 * "CARTE 20/07/19 LEROY MERLIN SC" ""
  source: "qif"
  Passif:Boursorama:CBTim                           -105.80 EUR
  Depenses:Immobilier:Travaux                        105.80 EUR

2019-07-22 * "CARTE 20/07/19 LEROY MERLIN SC" ""
  source: "qif"
  Passif:Boursorama:CBTim                            -14.99 EUR
  Depenses:Immobilier:Travaux                         14.99 EUR

2019-07-23 * "CARTE 21/07/19 INTERMARCHE" ""
  source: "qif"
  Passif:Boursorama:CBTim                            -15.44 EUR
  Depenses:Alimentaire:Epicerie                       15.44 EUR

2019-07-24 * "CARTE 22/07/19 BOULANGERIE CREPIN" ""
  source: "qif"
  Passif:Boursorama:CBTim                             -8.35 EUR
  Depenses:Alimentaire:Restaurant                      8.35 EUR

2019-07-26 * "CARTE 24/07/19 BOULANGERIE CREPIN" ""
  source: "qif"
  Passif:Boursorama:CBTim                             -8.60 EUR
  Depenses:Alimentaire:Restaurant                      8.60 EUR

1981-02-07 custom "fava-option" "insert-entry" "Passif:Boursorama:CBTim"


*** Visa Compte Joint

2010-03-03 open   Passif:Boursorama:CBJoint                 EUR
2010-03-04 pad    Passif:Boursorama:CBJoint  Equity:Opening-Balances

;2018-12-31 balance  Passif:Boursorama:CBJoint         63.28 EUR

2019-01-02 * "CARTE 31122018 75 LA POSTE BOUTIQU" ""
  source: "qif"
  Passif:Boursorama:CBJoint                           -7.00 EUR
  Depenses:Divers                                      7.00 EUR

2019-01-03 * "CARTE 02012019 E.LECLERC WEB" ""
  source: "qif"
  Passif:Boursorama:CBJoint                          -49.03 EUR
  Depenses:Alimentaire:Epicerie                       49.03 EUR

2019-01-09 * "CARTE 08012019 E.LECLERC WEB" ""
  source: "qif"
  Passif:Boursorama:CBJoint                          -68.60 EUR
  Depenses:Alimentaire:Epicerie                       68.60 EUR

2019-01-17 * "CARTE 16012019 E.LECLERC WEB" ""
  source: "qif"
  Passif:Boursorama:CBJoint                          -76.72 EUR
  Depenses:Alimentaire:Epicerie                       76.72 EUR

2019-01-24 * "CARTE 22012019 E.LECLERC WEB" ""
  source: "qif"
  Passif:Boursorama:CBJoint                          -59.53 EUR
  Depenses:Alimentaire:Epicerie                       59.53 EUR

2019-02-07 * "CARTE 06022019 E.LECLERC WEB" ""
  source: "qif"
  Passif:Boursorama:CBJoint                          -95.56 EUR
  Depenses:Alimentaire:Epicerie                       95.56 EUR

2019-02-01 * "CARTE 30012019 E.LECLERC WEB" ""
  source: "qif"
  Passif:Boursorama:CBJoint                          -58.76 EUR
  Depenses:Alimentaire:Epicerie                       58.76 EUR

2019-02-14 * "CARTE 13022019 E.LECLERC WEB" ""
  source: "qif"
  Passif:Boursorama:CBJoint                          -37.82 EUR
  Depenses:Alimentaire:Epicerie                       37.82 EUR

2019-02-28 * "CARTE 27022019 E.LECLERC WEB" ""
  source: "qif"
  Passif:Boursorama:CBJoint                          -68.76 EUR
  Depenses:Alimentaire:Epicerie                       68.76 EUR

2019-03-08 * "CARTE 07032019 E.LECLERC WEB" ""
  source: "qif"
  Passif:Boursorama:CBJoint                          -87.25 EUR
  Depenses:Alimentaire:Epicerie                       87.25 EUR

2019-03-13 * "CARTE 12/03/19 44 REL. BOUGUENAIS" ""
  source: "qif"
  Passif:Boursorama:CBJoint                          -37.66 EUR
  Actif:NoteDeFrais                                   37.66 EUR

2019-03-14 * "CARTE 13/03/19 E.LECLERC WEB" ""
  source: "qif"
  Passif:Boursorama:CBJoint                          -88.69 EUR
  Depenses:Alimentaire:Epicerie                       88.69 EUR

2019-03-15 * "CARTE 12/03/19 84 ASF-BIGNON" ""
  source: "qif"
  Passif:Boursorama:CBJoint                          -10.90 EUR
  Actif:NoteDeFrais                                   10.90 EUR

2019-03-20 * "CARTE 19/03/19 E.LECLERC WEB" ""
  source: "qif"
  Passif:Boursorama:CBJoint                          -66.07 EUR
  Depenses:Alimentaire:Epicerie                       66.07 EUR

2019-04-29 * "CARTE 26/04/19 E.LECLERC WEB" ""
  source: "qif"
  Passif:Boursorama:CBJoint                          -98.57 EUR
  Depenses:Alimentaire:Epicerie                       98.57 EUR

2019-03-27 * "CARTE 26/03/19 E.LECLERC WEB" ""
  source: "qif"
  Passif:Boursorama:CBJoint                          -93.15 EUR
  Depenses:Alimentaire:Epicerie                       93.15 EUR

2019-05-07 * "CARTE 02/05/19 E.LECLERC WEB" ""
  source: "qif"
  Passif:Boursorama:CBJoint                          -98.29 EUR
  Depenses:Alimentaire:Epicerie                       98.29 EUR

2019-05-10 * "CARTE 08/05/19 E.LECLERC WEB" ""
  source: "qif"
  Passif:Boursorama:CBJoint                          -68.82 EUR
  Depenses:Alimentaire:Epicerie                       68.82 EUR

2019-05-16 * "CARTE 15/05/19 E.LECLERC WEB" ""
  source: "qif"
  Passif:Boursorama:CBJoint                         -116.23 EUR
  Depenses:Alimentaire:Epicerie                      116.23 EUR

2019-05-23 * "CARTE 22/05/19 E.LECLERC WEB" ""
  source: "qif"
  Passif:Boursorama:CBJoint                          -60.05 EUR
  Depenses:Alimentaire:Epicerie                       60.05 EUR

2019-06-04 * "CARTE 02/06/19 E.LECLERC WEB" ""
  source: "qif"
  Passif:Boursorama:CBJoint                          -80.96 EUR
  Depenses:Alimentaire:Epicerie                       80.96 EUR

2019-06-13 * "CARTE 12/06/19 E.LECLERC WEB" ""
  source: "qif"
  Passif:Boursorama:CBJoint                          -93.75 EUR
  Depenses:Alimentaire:Epicerie                       93.75 EUR

2019-06-07 * "CARTE 06/06/19 E.LECLERC WEB" ""
  source: "qif"
  Passif:Boursorama:CBJoint                          -79.77 EUR
  Depenses:Alimentaire:Epicerie                       79.77 EUR

2019-06-20 * "CARTE 19/06/19 E.LECLERC WEB" ""
  source: "qif"
  Passif:Boursorama:CBJoint                          -98.41 EUR
  Depenses:Alimentaire:Epicerie                       98.41 EUR

2019-06-27 * "CARTE 26/06/19 E.LECLERC WEB" ""
  source: "qif"
  Passif:Boursorama:CBJoint                          -81.92 EUR
  Depenses:Alimentaire:Epicerie                       81.92 EUR

2019-07-15 * "CARTE 13/07/19 79 INTERMARCHE" ""
  source: "qif"
  Passif:Boursorama:CBJoint                           -8.85 EUR
  Depenses:Alimentaire:Epicerie                        8.85 EUR

2019-07-15 * "CARTE 12/07/19 E.LECLERC WEB" ""
  source: "qif"
  Passif:Boursorama:CBJoint                          -70.85 EUR
  Depenses:Alimentaire:Epicerie                       70.85 EUR

2019-07-17 * "CARTE 17/07/19 79 LES PLANCHES" ""
  source: "qif"
  Passif:Boursorama:CBJoint                          -64.55 EUR
  Depenses:Alimentaire:Restaurant                     64.55 EUR

2019-07-22 * "CARTE 20/07/19 E.LECLERC WEB" ""
  source: "qif"
  Passif:Boursorama:CBJoint                          -38.67 EUR
  Depenses:Alimentaire:Epicerie                       38.67 EUR

2019-07-26 * "CARTE 25/07/19 79 MC DONALD" ""
  source: "qif"
  Passif:Boursorama:CBJoint                          -19.00 EUR
  Depenses:Alimentaire:Restaurant                     19.00 EUR

2019-07-26 * "CARTE 25/07/19 E.LECLERC WEB" ""
  source: "qif"
  Passif:Boursorama:CBJoint                          -32.90 EUR
  Depenses:Alimentaire:Epicerie                       32.90 EUR

2019-07-29 * "CARTE 26/07/19 79 CARREFOUR DAC" ""
  source: "qif"
  Passif:Boursorama:CBJoint                          -52.00 EUR
  Depenses:Voitures:Carburant                         52.00 EUR

2019-08-19 balance  Passif:Boursorama:CBJoint             0 EUR

1981-02-07 custom "fava-option" "insert-entry" "Passif:Boursorama:CBJoint"

*** Amex Compte Tim

2010-03-03 open   Passif:AirFrance:Amex                     EUR
;2010-03-04 pad    Passif:AirFrance:Amex  Equity:Opening-Balances
;2019-08-19 balance  Passif:AirFrance:Amex                 0 EUR


2018-10-11 * "KLM PARIS" "Madagascar"
  source: "pdfamex"
  statementExtract: "10 oct          11 oct            KLM                         PARIS                                                                                                  246,95"
  type: "Credit"
  Depenses:Loisirs:Voyages
  Passif:AirFrance:Amex                             -246.95 EUR

2018-10-11 * "KLM PARIS" "Madagascar"
  source: "pdfamex"
  statementExtract: "10 oct          11 oct            KLM                         PARIS                                                                                                  246,95"
  type: "Credit"
  Depenses:Loisirs:Voyages
  Passif:AirFrance:Amex                             -246.95 EUR

2018-10-11 * "KLM PARIS" "Madagascar"
  source: "pdfamex"
  statementExtract: "10 oct        11 oct        KLM                         PARIS                                                                                     1 038,95"
  type: "Credit"
  Depenses:Loisirs:Voyages
  Passif:AirFrance:Amex                            -1038.95 EUR

2018-10-12 * "PRELEVEMENT AUTOMATIQUE ENREGISTRE-MERCI" ""
  source: "pdfamex"
  statementExtract: "12 oct          12 oct            PRELEVEMENT AUTOMATIQUE ENREGISTRE-MERCI                                                                                         1 195,82
                                                                                                                                                                         CR"
  type: "Débit"
  Actif:Boursorama:CCTim
  Passif:AirFrance:Amex                             1195.82 EUR

2018-10-13 * "CASTORAMA NIORT NIORT" ""
  source: "pdfamex"
  statementExtract: "13 oct        13 oct        CASTORAMA NIORT                       NIORT                                                                                87,40"
  type: "Credit"
  Depenses:Immobilier:Travaux
  Passif:AirFrance:Amex                              -87.40 EUR

2018-10-14 * "PICARD 824NIORT 824 NIORT" ""
  source: "pdfamex"
  statementExtract: "14 oct        14 oct        PICARD 824NIORT 824                  NIORT                                                                                 31,81"
  type: "Credit"
  Depenses:Alimentaire:Epicerie
  Passif:AirFrance:Amex                              -31.81 EUR

2018-10-15 * "BIP & GO SAS ISSY" ""
  source: "pdfamex"
  statementExtract: "15 oct        15 oct        BIP & GO SAS                     ISSY                                                                                      15,20"
  type: "Credit"
  Depenses:Voitures:Peages
  Passif:AirFrance:Amex                              -15.20 EUR

2018-10-18 * "GOOGLE *GOOGLE STORAGE G.CO/HELPPAY#" ""
  source: "pdfamex"
  statementExtract: "17 oct        18 oct        GOOGLE *GOOGLE STORAGE G.CO/HELPPAY#                                                                                        1,99"
  type: "Credit"
  Depenses:Abo:Serveur
  Passif:AirFrance:Amex                               -1.99 EUR

2018-10-22 * "AMAZON PAYMENT EUROPE LUXEMBOURG" "Traitement radiateurs"
  source: "pdfamex"
  statementExtract: "22 oct        22 oct        AMAZON PAYMENT EUROPE LUXEMBOURG                                                                                           31,50"
  type: "Credit"
  Depenses:Immobilier:Travaux
  Passif:AirFrance:Amex                              -31.50 EUR

2018-10-28 * "PAYPAL *DEEZER 0155806900" ""
  source: "pdfamex"
  statementExtract: "28 oct        28 oct        PAYPAL *DEEZER                      0155806900                                                                              1,99"
  type: "Credit"
  Depenses:Abo:Musique
  Passif:AirFrance:Amex                               -1.99 EUR

2018-10-30 * "AMAZON PAYMENT EUROPE LUXEMBOURG" "Piles detecteurs de fumée"
  source: "pdfamex"
  statementExtract: "30 oct        30 oct        AMAZON PAYMENT EUROPE LUXEMBOURG                                                                                           17,22"
  type: "Credit"
  Depenses:Immobilier:Travaux
  Passif:AirFrance:Amex                              -17.22 EUR

2018-10-22 * "AMAZON EU SARL GUYANCOURT" "Bac Tondeuse"
  source: "pdfamex"
  statementExtract: "22 oct        22 oct        AMAZON EU SARL                      GUYANCOURT                                                                             27,99"
  type: "Credit"
  Depenses:A-CLASSER
  Passif:AirFrance:Amex                              -27.99 EUR

2018-11-01 * "AMAZON EU SARL GUYANCOURT" "Seringue pour radiateurs"
  source: "pdfamex"
  statementExtract: "1 nov         1 nov         AMAZON EU SARL                      GUYANCOURT                                                                              8,21"
  type: "Credit"
  Depenses:Immobilier:Travaux
  Passif:AirFrance:Amex                               -8.21 EUR

2018-11-01 * "GOOGLE *GSUITE_FAMILLE G.CO/HELPPAY#" ""
  source: "pdfamex"
  statementExtract: "1 nov         1 nov         GOOGLE *GSUITE_FAMILLE G.CO/HELPPAY#                                                                                       38,40"
  type: "Credit"
  Depenses:Abo:Serveur
  Passif:AirFrance:Amex                              -38.40 EUR

2018-11-01 * "CASTORAMA NIORT NIORT" ""
  source: "pdfamex"
  statementExtract: "1 nov         1 nov         CASTORAMA NIORT                       NIORT                                                                                51,99"
  type: "Credit"
  Depenses:Immobilier:Travaux
  Passif:AirFrance:Amex                              -51.99 EUR

2018-11-03 * "CASTORAMA NIORT NIORT" ""
  source: "pdfamex"
  statementExtract: "3 nov         3 nov         CASTORAMA NIORT                       NIORT                                                                                90,15"
  type: "Credit"
  Depenses:Immobilier:Travaux
  Passif:AirFrance:Amex                              -90.15 EUR

2018-11-02 * "CASTORAMA NIORT NIORT" ""
  source: "pdfamex"
  statementExtract: "2 nov         2 nov         CASTORAMA NIORT                       NIORT                                                                                59,99"
  type: "Credit"
  Depenses:Immobilier:Travaux
  Passif:AirFrance:Amex                              -59.99 EUR

2018-11-04 * "AMAZON EU SARL GUYANCOURT" "Bonnet vélo"
  source: "pdfamex"
  statementExtract: "2 nov         4 nov         AMAZON EU SARL                      GUYANCOURT                                                                             16,91"
  type: "Credit"
  Depenses:Loisirs:Velos
  Passif:AirFrance:Amex                              -16.91 EUR

2018-11-04 * "AMAZON EU SARL GUYANCOURT" "Casque vélo"
  source: "pdfamex"
  statementExtract: "2 nov         4 nov         AMAZON EU SARL                      GUYANCOURT                                                                             90,63"
  type: "Credit"
  Depenses:Loisirs:Velos
  Passif:AirFrance:Amex                              -90.63 EUR

2018-11-06 * "ADLPARTNER MONTREUIL" ""
  source: "pdfamex"
  statementExtract: "3 nov         6 nov         ADLPARTNER                        MONTREUIL                                                                                 9,84"
  type: "Credit"
  Depenses:Loisirs:Culture
  Passif:AirFrance:Amex                               -9.84 EUR

2018-11-09 balance Passif:AirFrance:Amex           -2361.02 EUR
  source: "pdfamex"
  statementExtract: "Total des dépenses pour TIMOTHEE GROS            "

2018-12-10 * "RYANAIR LTD AIRLINE DUBLIN" ""
  source: "pdfamex"
  statementExtract: "8 déc          10 déc            RYANAIR LTD AIRLINE                     DUBLIN                                                                                         224,33"
  type: "Credit"
  Depenses:Loisirs:Voyages
  Passif:AirFrance:Amex                             -224.33 EUR

2018-12-10 * "RYANAIR LTD AIRLINE DUBLIN" ""
  source: "pdfamex"
  statementExtract: "8 déc          10 déc            RYANAIR LTD AIRLINE                     DUBLIN                                                                                           77,97"
  type: "Credit"
  Depenses:Loisirs:Voyages
  Passif:AirFrance:Amex                              -77.97 EUR

2018-12-12 * "LEONARDO ASHKELON 270.00" ""
  source: "pdfamex"
  statementExtract: "12 déc         12 déc            LEONARDO                            ASHKELON                                                                270.00                     245,32"
  type: "Credit"
  Actif:NoteDeFrais
  Passif:AirFrance:Amex                             -245.32 EUR

2018-12-13 * "WEMAKEIT HOD HASHARON 80.00" ""
  source: "pdfamex"
  statementExtract: "11 déc         13 déc            WEMAKEIT                        HOD HASHARON                                                                 80.00                       19,33"
  type: "Credit"
  Actif:NoteDeFrais
  Passif:AirFrance:Amex                              -19.33 EUR

2018-12-13 * "NORMAN ARZI LTD ASHKELON 520.00" ""
  source: "pdfamex"
  statementExtract: "12 déc         13 déc            NORMAN ARZI LTD                        ASHKELON                                                             520.00                     125,70"
  type: "Credit"
  Actif:NoteDeFrais
  Passif:AirFrance:Amex                             -125.70 EUR

2018-12-15 * "DELEK MENTA LTD natbag 111.56" ""
  source: "pdfamex"
  statementExtract: "13 déc         15 déc            DELEK MENTA LTD                        natbag                                                               111.56                       26,95"
  type: "Credit"
  Actif:NoteDeFrais
  Passif:AirFrance:Amex                              -26.95 EUR

2018-12-15 * "BURGERANCH DUTY FREE lud airport 64.00" ""
  source: "pdfamex"
  statementExtract: "13 déc        15 déc        BURGERANCH DUTY FREE                lud airport                                                   64.00               15,46"
  type: "Credit"
  Actif:NoteDeFrais
  Passif:AirFrance:Amex                              -15.46 EUR

2018-12-16 * "WEMAKEIT HOD HASHARON 80.00" ""
  source: "pdfamex"
  statementExtract: "14 déc        16 déc        WEMAKEIT                    HOD HASHARON                                                          80.00               19,33"
  type: "Credit"
  Actif:NoteDeFrais
  Passif:AirFrance:Amex                              -19.33 EUR

2018-12-16 * "PAYPAL *NATURABOX 4029357733" ""
  source: "pdfamex"
  statementExtract: "15 déc        16 déc        PAYPAL *NATURABOX               4029357733                                                                          142,86"
  type: "Credit"
  Depenses:Cadeaux
  Passif:AirFrance:Amex                             -142.86 EUR

2018-12-18 * "GOOGLE *GOOGLE STORAGE G.CO/HELPPAY#" ""
  source: "pdfamex"
  statementExtract: "17 déc        18 déc        GOOGLE *GOOGLE STORAGE G.CO/HELPPAY#                                                                                   1,99"
  type: "Credit"
  Depenses:Abo:Serveur
  Passif:AirFrance:Amex                               -1.99 EUR

2018-12-20 * "OUISNCF LOISIRS S.N.C. PARIS" ""
  source: "pdfamex"
  statementExtract: "19 déc        20 déc        OUISNCF LOISIRS S.N.C. PARIS                                                                                        112,00"
  type: "Credit"
  Depenses:Loisirs:Voyages
  Passif:AirFrance:Amex                             -112.00 EUR

2018-12-22 * "DARTY NIORT NIORT" ""
  source: "pdfamex"
  statementExtract: "22 déc        22 déc        DARTY NIORT                 NIORT                                                                                     59,99"
  type: "Credit"
  Depenses:Cadeaux
  Passif:AirFrance:Amex                              -59.99 EUR

2018-12-24 * "OUISNCF LOISIRS S.N.C. PARIS" ""
  source: "pdfamex"
  statementExtract: "21 déc        24 déc        OUISNCF LOISIRS S.N.C. PARIS                                                                                          40,00"
  type: "Credit"
  Depenses:Loisirs:Voyages
  Passif:AirFrance:Amex                              -40.00 EUR

2018-12-24 ! "PAYPAL *BRAINSTORMN 5142860253" ""
  source: "pdfamex"
  statementExtract: "24 déc        24 déc        PAYPAL *BRAINSTORMN               5142860253                                                                          29,05"
  type: "Credit"
  Depenses:A-CLASSER
  Passif:AirFrance:Amex                              -29.05 EUR

2018-12-30 * "ALI*ALIEXPRESS ALIPAY SINGAPORE 18.99" ""
  source: "pdfamex"
  statementExtract: "29 déc        30 déc        ALI*ALIEXPRESS ALIPAY           SINGAPORE                                                         18.99               17,08"
  type: "Credit"
  Depenses:Loisirs:Gadgets
  Passif:AirFrance:Amex                              -17.08 EUR

2018-12-30 ! "AMAZON PAYMENT EUROPE LUXEMBOURG" ""
  source: "pdfamex"
  statementExtract: "29 déc        30 déc        AMAZON PAYMENT EUROPE LUXEMBOURG                                                                                      58,10"
  type: "Credit"
  Depenses:A-CLASSER
  Passif:AirFrance:Amex                              -58.10 EUR

2019-01-02 * "OUISNCF LOISIRS S.N.C. PARIS" ""
  source: "pdfamex"
  statementExtract: "1 jan         2 jan         OUISNCF LOISIRS S.N.C. PARIS                                                                                        122,00"
  type: "Credit"
  Depenses:Loisirs:Voyages
  Passif:AirFrance:Amex                             -122.00 EUR

2019-01-02 * "GOOGLE *GSUITE_FAMILLE G.CO/HELPPAY#" ""
  source: "pdfamex"
  statementExtract: "2 jan         2 jan         GOOGLE *GSUITE_FAMILLE G.CO/HELPPAY#                                                                                  38,40"
  type: "Credit"
  Depenses:Abo:Serveur
  Passif:AirFrance:Amex                              -38.40 EUR

2019-01-02 * "PICARD 282NIORT 282 NIORT" ""
  source: "pdfamex"
  statementExtract: "2 jan         2 jan         PICARD 282NIORT 282            NIORT                                                                                  47,69"
  type: "Credit"
  Depenses:Alimentaire:Epicerie
  Passif:AirFrance:Amex                              -47.69 EUR

2019-01-02 * "ADLPARTNER MONTREUIL" ""
  source: "pdfamex"
  statementExtract: "29 déc        2 jan         ADLPARTNER                   MONTREUIL                                                                                 9,84"
  type: "Credit"
  Depenses:Loisirs:Culture
  Passif:AirFrance:Amex                               -9.84 EUR

2019-01-09 balance Passif:AirFrance:Amex            -1433.39 EUR
  source: "pdfamex"
  statementExtract: "Total des dépenses pour TIMOTHEE GROS                                                                                                        1 433,39"

;2019-01-14 ! "PRELEVEMENT AUTOMATIQUE ENREGISTRE-MERCI" ""
;  source: "pdfamex"
;  statementExtract: "14 jan          14 jan            PRELEVEMENT AUTOMATIQUE ENREGISTRE-MERCI                                                                                     1 433,39
;                                                                                                                                                                     CR"
;  type: "Débit"
;  Actif:NoteDeFrais
;  Passif:AirFrance:Amex                             1433.39 EUR

2019-01-18 * "GOOGLE *GOOGLE STORAGE G.CO/HELPPAY#" ""
  source: "pdfamex"
  statementExtract: "17 jan          18 jan            GOOGLE *GOOGLE STORAGE G.CO/HELPPAY#                                                                                                  1,99"
  type: "Credit"
  Depenses:Abo:Serveur
  Passif:AirFrance:Amex                               -1.99 EUR

2019-01-15 * "BIP & GO SAS ISSY" ""
  source: "pdfamex"
  statementExtract: "15 jan          15 jan            BIP & GO SAS                      ISSY                                                                                           30,40"
  type: "Credit"
  Depenses:Voitures:Peages
  Passif:AirFrance:Amex                              -30.40 EUR

2019-01-19 * "CASTORAMA NIORT NIORT" ""
  source: "pdfamex"
  statementExtract: "19 jan          19 jan            CASTORAMA NIORT                      NIORT                                                                                            7,25"
  type: "Credit"
  Depenses:Immobilier:Travaux
  Passif:AirFrance:Amex                               -7.25 EUR

2019-01-20 * "PICARD 824NIORT 824 NIORT" ""
  source: "pdfamex"
  statementExtract: "20 jan          20 jan            PICARD 824NIORT 824                  NIORT                                                                                       44,86"
  type: "Credit"
  Depenses:Alimentaire:Epicerie
  Passif:AirFrance:Amex                              -44.86 EUR

2019-02-03 * "AMA EU SARL PRIME_NEW LUXEMBOURG" "Amazon Premium"
  source: "pdfamex"
  statementExtract: "1 fév           3 fév             AMA EU SARL PRIME_NEW                    LUXEMBOURG                                                                              49,00"
  type: "Credit"
  Depenses:Loisirs:Gadgets
  Passif:AirFrance:Amex                              -49.00 EUR

2019-02-03 * "GOOGLE*GSUITE FAMILLEGR G.CO HELPPAY#" ""
  source: "pdfamex"
  statementExtract: "1 fév           3 fév             GOOGLE*GSUITE FAMILLEGR G.CO HELPPAY#                                                                                            38,40"
  type: "Credit"
  Depenses:Abo:Serveur
  Passif:AirFrance:Amex                              -38.40 EUR

2019-02-05 * "ADLPARTNER MONTREUIL" ""
  source: "pdfamex"
  statementExtract: "2 fév           5 fév             ADLPARTNER                         MONTREUIL                                                                                          9,84"
  type: "Credit"
  Depenses:Loisirs:Culture
  Passif:AirFrance:Amex                               -9.84 EUR

2019-02-10 balance Passif:AirFrance:Amex            -181.74 EUR
  source: "pdfamex"
  statementExtract: "Total des dépenses pour TIMOTHEE GROS                                                                                                                            181,74"

2019-02-12 * "GOOGLE *GOOGLE PLAY AP G.CO/HELPPAY#" ""
  source: "pdfamex"
  statementExtract: "11 fév         12 fév            GOOGLE *GOOGLE PLAY AP G.CO/HELPPAY#                                                                                              13,99"
  type: "Credit"
  Depenses:Abo:GooglePlay
  Passif:AirFrance:Amex                              -13.99 EUR

2019-02-24 * "AMAZON PAYMENT EUROPE LUXEMBOURG" "Bouteille Chilly's"
  source: "pdfamex"
  statementExtract: "23 fév         24 fév            AMAZON PAYMENT EUROPE LUXEMBOURG                                                                                                  30,00"
  type: "Credit"
  Depenses:Equipement
  Passif:AirFrance:Amex                              -30.00 EUR

2019-02-18 * "GOOGLE *GOOGLE STORAGE G.CO/HELPPAY#" ""
  source: "pdfamex"
  statementExtract: "17 fév         18 fév            GOOGLE *GOOGLE STORAGE G.CO/HELPPAY#                                                                                                   1,99"
  type: "Credit"
  Depenses:Abo:Serveur
  Passif:AirFrance:Amex                               -1.99 EUR

2019-02-25 * "PAYPAL *OVH 0820320363" ""
  source: "pdfamex"
  statementExtract: "25 fév         25 fév            PAYPAL *OVH                       0820320363                                                                                      25,99"
  type: "Credit"
  Depenses:Abo:Serveur
  Passif:AirFrance:Amex                              -25.99 EUR

2019-03-01 * "GOOGLE *GSUITE_FAMILLE G.CO/HELPPAY#" ""
  source: "pdfamex"
  statementExtract: "1 mars         1 mars            GOOGLE *GSUITE_FAMILLE G.CO/HELPPAY#                                                                                              43,20"
  type: "Credit"
  Depenses:Abo:Serveur
  Passif:AirFrance:Amex                              -43.20 EUR

2019-03-02 * "UBER EATS HELP.UBER.COM" ""
  source: "pdfamex"
  statementExtract: "1 mars         2 mars            UBER EATS                     HELP.UBER.COM                                                                                       17,85"
  type: "Credit"
  Depenses:Alimentaire:Restaurant
  Passif:AirFrance:Amex                              -17.85 EUR

2019-03-03 * "AMAZON EU SARL GUYANCOURT" "Carte cadeau pour NZBgeek"
  source: "pdfamex"
  statementExtract: "2 mars         3 mars            AMAZON EU SARL                      GUYANCOURT                                                                                    20,00"
  type: "Credit"
  Depenses:Abo:Serveur
  Passif:AirFrance:Amex                              -20.00 EUR

2019-03-03 * "AWS EMEA AWS.AMAZON.CO .78" ""
  source: "pdfamex"
  statementExtract: "3 mars         3 mars            AWS EMEA                      AWS.AMAZON.CO                                                                 .78                        0,70"
  type: "Credit"
  Depenses:Abo:Serveur
  Passif:AirFrance:Amex                               -0.70 EUR

2019-03-07 * "ADLPARTNER MONTREUIL" ""
  source: "pdfamex"
  statementExtract: "3 mars         7 mars            ADLPARTNER                        MONTREUIL                                                                                            3,99"
  type: "Credit"
  Depenses:Loisirs:Culture
  Passif:AirFrance:Amex                               -3.99 EUR

2019-03-10 balance Passif:AirFrance:Amex             -157.71 EUR
  source: "pdfamex"
  statementExtract: "Total des dépenses pour TIMOTHEE GROS                                                                                                                            157,71"

2019-03-12 * "GOOGLE *GOOGLE PHOTOS G.CO/HELPPAY#" ""
  source: "pdfamex"
  statementExtract: "10 mars 12 mars GOOGLE *GOOGLE PHOTOS G.CO/HELPPAY#                                                                                                               60,72"
  type: "Credit"
  Depenses:Divers
  Passif:AirFrance:Amex                              -60.72 EUR

2019-03-12 * "GOOGLE *GOOGLE PLAY AP G.CO/HELPPAY#" ""
  source: "pdfamex"
  statementExtract: "11 mars 12 mars GOOGLE *GOOGLE PLAY AP G.CO/HELPPAY#                                                                                                              13,99"
  type: "Credit"
  Depenses:Abo:GooglePlay
  Passif:AirFrance:Amex                              -13.99 EUR

2019-03-12 * "Shell 131955 Shell Shel Chavagnes-en-" ""
  source: "pdfamex"
  statementExtract: "12 mars 12 mars Shell 131955 Shell Shel Chavagnes-en-                                                                                                             18,95"
  type: "Credit"
  Actif:NoteDeFrais
  Passif:AirFrance:Amex                              -18.95 EUR

2019-03-17 ! "AMAZON PAYMENT EUROPE LUXEMBOURG" "Bouteilles chilly's"
  source: "pdfamex"
  statementExtract: "15 mars 17 mars AMAZON PAYMENT EUROPE LUXEMBOURG                                                                                                                  12,50"
  type: "Credit"
  Depenses:A-CLASSER
  Passif:AirFrance:Amex                              -12.50 EUR

2019-03-14 * "BIP & GO SAS ISSY" ""
  source: "pdfamex"
  statementExtract: "14 mars 14 mars BIP & GO SAS                                       ISSY                                                                                           21,80"
  type: "Credit"
  Depenses:Voitures:Peages
  Passif:AirFrance:Amex                              -21.80 EUR

2019-03-17 ! "AMAZON PAYMENT EUROPE LUXEMBOURG" "Bouteilles chilly's"
  source: "pdfamex"
  statementExtract: "15 mars 17 mars AMAZON PAYMENT EUROPE LUXEMBOURG                                                                                                                  11,00"
  type: "Credit"
  Depenses:A-CLASSER
  Passif:AirFrance:Amex                              -11.00 EUR

2019-03-18 * "GOOGLE *GOOGLE STORAGE G.CO/HELPPAY#" ""
  source: "pdfamex"
  statementExtract: "17 mars 18 mars GOOGLE *GOOGLE STORAGE G.CO/HELPPAY#                                                                                                                   1,99"
  type: "Credit"
  Depenses:Abo:Serveur
  Passif:AirFrance:Amex                               -1.99 EUR

2019-03-31 * "PAYPAL *BRAINSTORMN 5142860253" "One Provider - 3 mois"
  source: "pdfamex"
  statementExtract: "31 mars 31 mars PAYPAL *BRAINSTORMN                                       5142860253                                                                              37,05"
  type: "Credit"
  Depenses:Abo:Serveur
  Passif:AirFrance:Amex                              -37.05 EUR

2019-03-31 * "AMAZON EU SARL GUYANCOURT" "Pots de yaourt"
  source: "pdfamex"
  statementExtract: "31 mars 31 mars AMAZON EU SARL                                       GUYANCOURT                                                                                   11,62"
  type: "Credit"
  Depenses:A-CLASSER
  Passif:AirFrance:Amex                              -11.62 EUR

2019-03-31 * "AMAZON PAYMENT EUROPE LUXEMBOURG" "Anti-Moustiques pour Madagascar"
  source: "pdfamex"
  statementExtract: "31 mars 31 mars AMAZON PAYMENT EUROPE LUXEMBOURG                                                                                                                  29,88"
  type: "Credit"
  Depenses:Sante
  Passif:AirFrance:Amex                              -29.88 EUR

2019-04-01 * "AMAZON PAYMENT EUROPE LUXEMBOURG" "Batterie externe Anna"
  source: "pdfamex"
  statementExtract: "1 avr          1 avr             AMAZON PAYMENT EUROPE LUXEMBOURG                                                                                                 17,99"
  type: "Credit"
  Depenses:Loisirs:Gadgets
  Passif:AirFrance:Amex                              -17.99 EUR

2019-04-01 * "AMAZON PAYMENT EUROPE LUXEMBOURG" "Retroviseur Prius"
  source: "pdfamex"
  statementExtract: "1 avr          1 avr             AMAZON PAYMENT EUROPE LUXEMBOURG                                                                                                 27,73"
  type: "Credit"
  Depenses:Voitures:Entretien
  Passif:AirFrance:Amex                              -27.73 EUR

2019-04-02 * "GOOGLE *GSUITE_FAMILLE G.CO/HELPPAY#" ""
  source: "pdfamex"
  statementExtract: "2 avr          2 avr             GOOGLE *GSUITE_FAMILLE G.CO/HELPPAY#                                                                                             48,00"
  type: "Credit"
  Depenses:Abo:Serveur
  Passif:AirFrance:Amex                              -48.00 EUR

2019-04-03 * "AWS EMEA AWS.AMAZON.CO .96" ""
  source: "pdfamex"
  statementExtract: "3 avr         3 avr         AWS EMEA                    AWS.AMAZON.CO                                                        .96                0,88"
  type: "Credit"
  Depenses:Abo:Serveur
  Passif:AirFrance:Amex                               -0.88 EUR

2019-04-04 * "ADLPARTNER MONTREUIL" ""
  source: "pdfamex"
  statementExtract: "30 mars 4 avr               ADLPARTNER                   MONTREUIL                                                                              9,84"
  type: "Credit"
  Depenses:Loisirs:Culture
  Passif:AirFrance:Amex                               -9.84 EUR

2019-04-08 balance Passif:AirFrance:Amex            -323.94 EUR
  source: "pdfamex"
  statementExtract: "Total des dépenses pour TIMOTHEE GROS                                                                                                        323,94"

2019-04-08 ! "WWW.VENTE-PRIVEE.COM FR SAINT DENIS" ""
  source: "pdfamex"
  statementExtract: "7 avr          8 avr             WWW.VENTE-PRIVEE.COM FR SAINT DENIS                                                                                             193,97"
  type: "Credit"
  Depenses:A-CLASSER
  Passif:AirFrance:Amex                             -193.97 EUR

2019-04-12 * "GOOGLE *GOOGLE PLAY AP G.CO/HELPPAY#" ""
  source: "pdfamex"
  statementExtract: "11 avr         12 avr            GOOGLE *GOOGLE PLAY AP G.CO/HELPPAY#                                                                                              13,99"
  type: "Credit"
  Depenses:Abo:GooglePlay
  Passif:AirFrance:Amex                              -13.99 EUR

2019-04-14 ! "AMAZON PAYMENT EUROPE LUXEMBOURG" ""
  source: "pdfamex"
  statementExtract: "13 avr         14 avr            AMAZON PAYMENT EUROPE LUXEMBOURG                                                                                                  22,95"
  type: "Credit"
  Depenses:A-CLASSER
  Passif:AirFrance:Amex                              -22.95 EUR

2019-04-18 * "GOOGLE *GOOGLE STORAGE G.CO/HELPPAY#" ""
  source: "pdfamex"
  statementExtract: "17 avr         18 avr            GOOGLE *GOOGLE STORAGE G.CO/HELPPAY#                                                                                                   1,99"
  type: "Credit"
  Depenses:Abo:Serveur
  Passif:AirFrance:Amex                               -1.99 EUR

2019-04-28 * "WWW.LEROYMERLIN.FR SITE LILLE CEDEX 9" ""
  source: "pdfamex"
  statementExtract: "28 avr         28 avr            WWW.LEROYMERLIN.FR SITE LILLE CEDEX 9                                                                                             81,45"
  type: "Credit"
  Depenses:Immobilier:Travaux
  Passif:AirFrance:Amex                              -81.45 EUR

2019-05-01 * "GOOGLE *GSUITE_FAMILLE G.CO/HELPPAY#" ""
  source: "pdfamex"
  statementExtract: "1 mai          1 mai             GOOGLE *GSUITE_FAMILLE G.CO/HELPPAY#                                                                                              61,91"
  type: "Credit"
  Depenses:Abo:Serveur
  Passif:AirFrance:Amex                              -61.91 EUR

2019-05-03 * "AWS EMEA AWS.AMAZON.CO .96" ""
  source: "pdfamex"
  statementExtract: "3 mai          3 mai             AWS EMEA                      AWS.AMAZON.CO                                                                 .96                        0,88"
  type: "Credit"
  Depenses:Abo:Serveur
  Passif:AirFrance:Amex                               -0.88 EUR

2019-05-09 balance Passif:AirFrance:Amex            -377.14 EUR
  source: "pdfamex"
  statementExtract: "Total des dépenses pour TIMOTHEE GROS                                                                                                                            377,14"

2019-05-09 * "ADLPARTNER MONTREUIL" ""
  source: "pdfamex"
  statementExtract: "4 mai         9 mai         ADLPARTNER                        MONTREUIL                                                                                 9,84"
  type: "Credit"
  Depenses:Loisirs:Culture
  Passif:AirFrance:Amex                               -9.84 EUR

2019-05-13 * "PAYPAL *AIRBNB HMARTJE 02033181111" ""
  source: "pdfamex"
  statementExtract: "13 mai         13 mai            PAYPAL *AIRBNB HMARTJE 02033181111                                                                                               313,52"
  type: "Credit"
  Depenses:Loisirs:Voyages
  Passif:AirFrance:Amex                             -313.52 EUR

2019-05-12 * "GOOGLE *GOOGLE PLAY AP G.CO/HELPPAY#" ""
  source: "pdfamex"
  statementExtract: "11 mai         12 mai            GOOGLE *GOOGLE PLAY AP G.CO/HELPPAY#                                                                                               13,99"
  type: "Credit"
  Depenses:Abo:GooglePlay
  Passif:AirFrance:Amex                              -13.99 EUR

2019-05-16 * "BIP & GO SAS ISSY" ""
  source: "pdfamex"
  statementExtract: "16 mai         16 mai            BIP & GO SAS                      ISSY                                                                                             47,40"
  type: "Credit"
  Depenses:Voitures:Peages
  Passif:AirFrance:Amex                              -47.40 EUR

2019-05-18 * "GOOGLE *GOOGLE STORAGE G.CO/HELPPAY#" ""
  source: "pdfamex"
  statementExtract: "17 mai         18 mai            GOOGLE *GOOGLE STORAGE G.CO/HELPPAY#                                                                                                    1,99"
  type: "Credit"
  Depenses:Abo:Serveur
  Passif:AirFrance:Amex                               -1.99 EUR

2019-05-23 * "ALI*ALIEXPRESS ALIPAY SINGAPORE 38.77" ""
  source: "pdfamex"
  statementExtract: "22 mai         23 mai            ALI*ALIEXPRESS ALIPAY                    SINGAPORE                                                         38.77                   35,76"
  type: "Credit"
  Depenses:Loisirs:Gadgets
  Passif:AirFrance:Amex                              -35.76 EUR

2019-05-23 * "INTERFLORA LYON" ""
  source: "pdfamex"
  statementExtract: "23 mai         23 mai            INTERFLORA                        LYON                                                                                             70,70"
  type: "Credit"
  Depenses:Cadeaux
  Passif:AirFrance:Amex                              -70.70 EUR

2019-05-26 * "BRASERI ASHKELON 301.00" ""
  source: "pdfamex"
  statementExtract: "25 mai         26 mai            BRASERI                       ASHKELON                                                                    301.00                   76,83"
  type: "Credit"
  Actif:NoteDeFrais
  Passif:AirFrance:Amex                              -76.83 EUR

2019-05-26 * "LEONARDO ASHKELON 280.00" ""
  source: "pdfamex"
  statementExtract: "25 mai         26 mai            LEONARDO                          ASHKELON                                                                280.00                 257,55"
  type: "Credit"
  Actif:NoteDeFrais
  Passif:AirFrance:Amex                             -257.55 EUR

2019-05-26 * "EASYJET*EASYJET EX7BZ3R LUTON" ""
  source: "pdfamex"
  statementExtract: "25 mai        26 mai        EASYJET*EASYJET EX7BZ3R LUTON                                                                                              36,38"
  type: "Credit"
  Actif:NoteDeFrais
  Passif:AirFrance:Amex                              -36.38 EUR

2019-05-29 * "LA FARINA AL TAGLIO LOD 67.00" ""
  source: "pdfamex"
  statementExtract: "27 mai        29 mai        LA FARINA AL TAGLIO                  LOD                                                               67.00               17,08"
  type: "Credit"
  Actif:NoteDeFrais
  Passif:AirFrance:Amex                              -17.08 EUR

2019-06-01 * "GOOGLE *GSUITE_FAMILLE G.CO/HELPPAY#" ""
  source: "pdfamex"
  statementExtract: "1 juin        1 juin        GOOGLE *GSUITE_FAMILLE G.CO/HELPPAY#                                                                                       62,40"
  type: "Credit"
  Depenses:Abo:Serveur
  Passif:AirFrance:Amex                              -62.40 EUR

2019-06-03 * "AWS EMEA AWS.AMAZON.CO .96" ""
  source: "pdfamex"
  statementExtract: "3 juin        3 juin        AWS EMEA                         AWS.AMAZON.CO                                                           .96                0,88"
  type: "Credit"
  Depenses:Abo:Serveur
  Passif:AirFrance:Amex                               -0.88 EUR

2019-06-05 * "ADLPARTNER MONTREUIL" ""
  source: "pdfamex"
  statementExtract: "1 juin        5 juin        ADLPARTNER                        MONTREUIL                                                                                 3,99"
  type: "Credit"
  Depenses:Loisirs:Culture
  Passif:AirFrance:Amex                               -3.99 EUR

2019-06-09 balance Passif:AirFrance:Amex           -1009.57 EUR
  source: "pdfamex"
  statementExtract: "Total des dépenses pour TIMOTHEE GROS                                                                                                             1 009,57"

2019-07-08 * "SERVAIR SANDYFORD, DUBL" ""
  source: "pdfamex"
  statementExtract: "7 juil          8 juil            SERVAIR                        SANDYFORD, DUBL                                                                                    18,50"
  type: "Credit"
  Actif:NoteDeFrais
  Passif:AirFrance:Amex                              -18.50 EUR

2019-07-11 * "LA FARINA AL TAGLIO LOD 61.70" ""
  source: "pdfamex"
  statementExtract: "9 juil          11 juil           LA FARINA AL TAGLIO                  LOD                                                                  61.70                   15,91"
  type: "Credit"
  Actif:NoteDeFrais
  Passif:AirFrance:Amex                              -15.91 EUR

2019-07-12 * "PRELEVEMENT AUTOMATIQUE ENREGISTRE-MERCI" ""
  source: "pdfamex"
  statementExtract: "12 juil         12 juil           PRELEVEMENT AUTOMATIQUE ENREGISTRE-MERCI                                                                                      2 317,49
                                                                                                                                                                      CR"
  type: "Débit"
  Actif:Boursorama:CCTim
  Passif:AirFrance:Amex                             2317.49 EUR

2019-07-12 * "GOOGLE *GOOGLE PLAY AP G.CO/HELPPAY#" ""
  source: "pdfamex"
  statementExtract: "11 juil         12 juil           GOOGLE *GOOGLE PLAY AP G.CO/HELPPAY#                                                                                              13,99"
  type: "Credit"
  Depenses:Abo:GooglePlay
  Passif:AirFrance:Amex                              -13.99 EUR

2019-07-15 * "OUISNCF LOISIRS S.N.C. PARIS" ""
  source: "pdfamex"
  statementExtract: "13 juil         15 juil           OUISNCF LOISIRS S.N.C. PARIS                                                                                                    287,00"
  type: "Credit"
  Depenses:Loisirs:Voyages
  Passif:AirFrance:Amex                             -287.00 EUR

2019-07-18 * "GOOGLE *GOOGLE STORAGE G.CO/HELPPAY#" ""
  source: "pdfamex"
  statementExtract: "17 juil         18 juil           GOOGLE *GOOGLE STORAGE G.CO/HELPPAY#                                                                                                   1,99"
  type: "Credit"
  Depenses:Abo:Serveur
  Passif:AirFrance:Amex                               -1.99 EUR

2019-07-19 * "ALI*ALIEXPRESS ALIEXPRE SINGAPORE 10.39" ""
  source: "pdfamex"
  statementExtract: "18 juil         19 juil           ALI*ALIEXPRESS ALIEXPRE SINGAPORE                                                                         10.39                        9,52"
  type: "Credit"
  Depenses:Loisirs:Gadgets
  Passif:AirFrance:Amex                               -9.52 EUR

2019-07-20 * "WWW.LEROYMERLIN.FR SITE LILLE CEDEX 9" ""
  source: "pdfamex"
  statementExtract: "20 juil         20 juil           WWW.LEROYMERLIN.FR SITE LILLE CEDEX 9                                                                                           239,40"
  type: "Credit"
  Depenses:Immobilier:Travaux
  Passif:AirFrance:Amex                             -239.40 EUR

2019-07-21 * "ALI*ALIEXPRESS ALIEXPRE SINGAPORE 25.38" ""
  source: "pdfamex"
  statementExtract: "21 juil         21 juil           ALI*ALIEXPRESS ALIEXPRE SINGAPORE                                                                         25.38                   23,26"
  type: "Credit"
  Depenses:Loisirs:Gadgets
  Passif:AirFrance:Amex                              -23.26 EUR

2019-07-22 * "GOOGLE *GOOGLE PHOTOS G.CO/HELPPAY#" ""
  source: "pdfamex"
  statementExtract: "21 juil         22 juil           GOOGLE *GOOGLE PHOTOS G.CO/HELPPAY#                                                                                             162,37"
  type: "Credit"
  Depenses:Divers
  Passif:AirFrance:Amex                             -162.37 EUR

2019-07-23 * "PAYPAL *AIRBNB HMARTJE 02033181111" ""
  source: "pdfamex"
  statementExtract: "22 juil         23 juil           PAYPAL *AIRBNB HMARTJE 02033181111                                                                                              435,62"
  type: "Credit"
  Depenses:Loisirs:Voyages
  Passif:AirFrance:Amex                             -435.62 EUR

2019-08-01 * "GOOGLE *GSUITE_FAMILLE G.CO/HELPPAY#" ""
  source: "pdfamex"
  statementExtract: "1 août        1 août        GOOGLE *GSUITE_FAMILLE G.CO/HELPPAY#                                                                               62,40"
  type: "Credit"
  Depenses:Abo:Serveur
  Passif:AirFrance:Amex                              -62.40 EUR

2019-08-02 * "AMZN MKTP US*MA1CJ2XS1 AMZN.COM/BILL" ""
  source: "pdfamex"
  statementExtract: "2 août        2 août        AMZN MKTP US*MA1CJ2XS1 AMZN.COM/BILL                                                                               16,95"
  type: "Credit"
  Depenses:Abo:Serveur
  Passif:AirFrance:Amex                              -16.95 EUR

2019-08-02 * "AWS EMEA AWS.AMAZON.CO .96" ""
  source: "pdfamex"
  statementExtract: "2 août        2 août        AWS EMEA                    AWS.AMAZON.CO                                                        .96                0,89"
  type: "Credit"
  Depenses:Abo:Serveur
  Passif:AirFrance:Amex                               -0.89 EUR

2019-08-06 * "PAYPAL *BIKECOMPONE 2405450045" ""
  source: "pdfamex"
  statementExtract: "6 août        6 août        PAYPAL *BIKECOMPONE               2405450045                                                                       17,65
                                                                                                                                                 CR"
  type: "Débit"
  Depenses:Loisirs:Velos
  Passif:AirFrance:Amex                               17.65 EUR

2019-08-07 * "ADLPARTNER MONTREUIL" ""
  source: "pdfamex"
  statementExtract: "3 août        7 août        ADLPARTNER                   MONTREUIL                                                                              9,84"
  type: "Credit"
  Depenses:Loisirs:Culture
  Passif:AirFrance:Amex                               -9.84 EUR

2019-08-09 balance Passif:AirFrance:Amex           -1279.99 EUR
  source: "pdfamex"
  statementExtract: "Total des dépenses pour TIMOTHEE GROS                                                                                                     1 279,99"

2018-11-10 * "PICARD 282NIORT 282 NIORT" ""
  source: "pdfamex"
  statementExtract: "10 nov          10 nov            PICARD 282NIORT 282                  NIORT                                                                                          37,41"
  type: "Credit"
  Depenses:Alimentaire:Epicerie
  Passif:AirFrance:Amex                              -37.41 EUR

2018-11-11 * "ALI*ALIEXPRESS ALIPAY SINGAPORE 48.89" ""
  source: "pdfamex"
  statementExtract: "11 nov          11 nov            ALI*ALIEXPRESS ALIPAY                    SINGAPORE                                                          48.89                   44,37"
  type: "Credit"
  Depenses:Loisirs:Gadgets
  Passif:AirFrance:Amex                              -44.37 EUR

2018-11-12 * "PRELEVEMENT AUTOMATIQUE ENREGISTRE-MERCI" ""
  source: "pdfamex"
  statementExtract: "12 nov          12 nov            PRELEVEMENT AUTOMATIQUE ENREGISTRE-MERCI                                                                                        2 361,02
                                                                                                                                                                        CR"
  type: "Débit"
  Actif:Boursorama:CCTim
  Passif:AirFrance:Amex                             2361.02 EUR
2018-11-14 * "PAYPAL *PHILIBERT 0388326535" ""
  source: "pdfamex"
  statementExtract: "13 nov          14 nov            PAYPAL *PHILIBERT                   0388326535                                                                                      31,85"
  type: "Credit"
  Depenses:Cadeaux
  Passif:AirFrance:Amex                              -31.85 EUR

2018-11-14 * "BIP & GO SAS ISSY" ""
  source: "pdfamex"
  statementExtract: "14 nov          14 nov            BIP & GO SAS                      ISSY                                                                                              30,40"
  type: "Credit"
  Depenses:Voitures:Peages
  Passif:AirFrance:Amex                              -30.40 EUR


2018-11-14 * "AMAZON PAYMENT EUROPE LUXEMBOURG" ""
  source: "pdfamex"
  statementExtract: "14 nov          14 nov            AMAZON PAYMENT EUROPE LUXEMBOURG                                                                                                    12,34"
  type: "Credit"
  Depenses:Loisirs:Velos
  Passif:AirFrance:Amex                              -12.34 EUR

2018-11-11 * "PAYPAL *GEARBEST 18824248090" ""
  source: "pdfamex"
  statementExtract: "11 nov          11 nov            PAYPAL *GEARBEST                         18824248090                                                                                44,93"
  type: "Credit"
  Depenses:Loisirs:Gadgets
  Passif:AirFrance:Amex                              -44.93 EUR

2018-11-15 * "AMAZON EU SARL GUYANCOURT" ""
  source: "pdfamex"
  statementExtract: "15 nov          15 nov            AMAZON EU SARL                      GUYANCOURT                                                                                           8,21
                                                                                                                                                                             CR"
  type: "Débit"
  Depenses:A-CLASSER
  Passif:AirFrance:Amex                                8.21 EUR

2018-11-18 * "GOOGLE *GOOGLE STORAGE G.CO/HELPPAY#" ""
  source: "pdfamex"
  statementExtract: "17 nov          18 nov            GOOGLE *GOOGLE STORAGE G.CO/HELPPAY#                                                                                                     1,99"
  type: "Credit"
  Depenses:Abo:Serveur
  Passif:AirFrance:Amex                               -1.99 EUR

2018-11-24 * "CASTORAMA NIORT NIORT" ""
  source: "pdfamex"
  statementExtract: "24 nov          24 nov            CASTORAMA NIORT                      NIORT                                                                                          15,50"
  type: "Credit"
  Depenses:Immobilier:Travaux
  Passif:AirFrance:Amex                              -15.50 EUR

2018-11-25 * "PAYPAL *JEEDOM 4029357733" ""
  source: "pdfamex"
  statementExtract: "25 nov          25 nov            PAYPAL *JEEDOM                      4029357733                                                                                           4,00"
  type: "Credit"
  Depenses:Immobilier:Travaux
  Passif:AirFrance:Amex                               -4.00 EUR

2018-11-26 ! "AMAZON PAYMENT EUROPE LUXEMBOURG" "Ubiquiti"
  source: "pdfamex"
  statementExtract: "26 nov          26 nov            AMAZON PAYMENT EUROPE LUXEMBOURG                                                                                                  210,10"
  type: "Credit"
  Depenses:A-CLASSER
  Passif:AirFrance:Amex                             -210.10 EUR

2018-11-26 * "AMAZON PAYMENT EUROPE LUXEMBOURG" "Domotique"
  source: "pdfamex"
  statementExtract: "26 nov          26 nov            AMAZON PAYMENT EUROPE LUXEMBOURG                                                                                                    36,99"
  type: "Credit"
  Depenses:Loisirs:Gadgets
  Passif:AirFrance:Amex                              -36.99 EUR

2018-12-03 * "AMAZON PAYMENT EUROPE LUXEMBOURG" "Coque Telephone"
  source: "pdfamex"
  statementExtract: "3 déc         3 déc         AMAZON PAYMENT EUROPE LUXEMBOURG                                                                                   21,99"
  type: "Credit"
  Depenses:Loisirs:Gadgets
  Passif:AirFrance:Amex                              -21.99 EUR

2018-12-04 ! "AMAZON PAYMENT EUROPE LUXEMBOURG" "Gadgets"
  source: "pdfamex"
  statementExtract: "4 déc         4 déc         AMAZON PAYMENT EUROPE LUXEMBOURG                                                                                   87,81"
  type: "Credit"
  Depenses:A-CLASSER
  Passif:AirFrance:Amex                              -87.81 EUR

2018-12-05 * "ADLPARTNER MONTREUIL" ""
  source: "pdfamex"
  statementExtract: "1 déc         5 déc         ADLPARTNER                  MONTREUIL                                                                               3,99"
  type: "Credit"
  Depenses:Loisirs:Culture
  Passif:AirFrance:Amex                               -3.99 EUR

2018-12-06 * "ALI*ALIEXPRESS ALIPAY SINGAPORE 8.13" ""
  source: "pdfamex"
  statementExtract: "5 déc         6 déc         ALI*ALIEXPRESS ALIPAY          SINGAPORE                                                        8.13                7,39"
  type: "Credit"
  Depenses:Loisirs:Gadgets
  Passif:AirFrance:Amex                               -7.39 EUR

2018-12-09 balance Passif:AirFrance:Amex             -623.24 EUR
  source: "pdfamex"
  statementExtract: "Total des dépenses pour TIMOTHEE GROS                                                                                                        623,24"

1981-02-07 custom "fava-option" "insert-entry" "Passif:AirFrance:Amex"

** Livrets

2007-09-07 open Actif:Boursorama:CELTim                     EUR
  account: "00030269844"
2007-09-08 pad  Actif:Boursorama:CELTim  Equity:Opening-Balances
2019-08-19 balance  Actif:Boursorama:CELTim         6810.74 EUR

2007-09-07 open Actif:Boursorama:LDDJoint                   EUR
  account: "00020132893"
2007-09-08 pad  Actif:Boursorama:LDDJoint  Equity:Opening-Balances
2019-08-19 balance  Actif:Boursorama:LDDJoint         44.16 EUR

2004-07-19 open Actif:Boursorama:CELAnna                    EUR
  account: "00030305440"
2004-07-20 pad  Actif:Boursorama:CELAnna  Equity:Opening-Balances
2019-08-19 balance  Actif:Boursorama:CELAnna        3818.69 EUR

2007-07-20 open Actif:Boursorama:PELAnna                    EUR
  account: "00031305390"
2007-07-21 pad  Actif:Boursorama:PELAnna  Equity:Opening-Balances
2019-08-19 balance  Actif:Boursorama:PELAnna        6334.34 EUR

2007-09-07 open Actif:Boursorama:LDDAnna                    EUR
  account: "00020871896"
2007-09-08 pad  Actif:Boursorama:LDDAnna  Equity:Opening-Balances
2019-08-19 balance  Actif:Boursorama:LDDAnna         217.16 EUR

1980-06-21 open Actif:BanquePostale:LAAnna                  EUR
  account: "00040239557"
2000-01-01 pad  Actif:BanquePostale:LAAnna  Equity:Opening-Balances

2018-12-31 * "Versement interets"
  Actif:BanquePostale:LAAnna                           60.5 EUR
  Revenus:Interets

2019-08-03 * "" "Versement cash issu du don Parents"
  Actif:BanquePostale:LAAnna                           2000 EUR
  Actif:Cash

2019-08-23 balance  Actif:BanquePostale:LAAnna     10126.72 EUR

** Emprunts

2016-02-26 open   Passif:Boursorama:EmpruntRP               EUR
  account: "00060686223"
2016-02-27 pad    Passif:Boursorama:EmpruntRP  Equity:Opening-Balances
2019-08-19 balance  Passif:Boursorama:EmpruntRP  -119731.74 EUR

2019-08-05 open   Passif:Boursorama:PretConso               EUR
  account: "00060818936"
2019-08-19 balance  Passif:Boursorama:PretConso      -10000 EUR

2018-08-01 open   Passif:Linxea:Avance                      EUR
  account: ""
2019-08-19 balance  Passif:Linxea:Avance             -20000 EUR

** Placements
*** Bourse
2006-12-05 open Actif:Bink:CTO:Cash                         EUR
;  account: "P54112927"
;2006-12-06 pad  Actif:Bink:CTO:Cash   Equity:Opening-Balances
;2019-08-19 balance  Actif:Bink:CTO                38691.60 EUR

2006-12-05 open Actif:Bink:PEA:Cash                         EUR
;  account: "P54112927"
;2006-12-06 pad  Actif:Bink:PEA:Cash   Equity:Opening-Balances
;2019-08-19 balance  Actif:Bink:CTO                38691.60 EUR

*** Investissement TECNAL

2018-07-04 open   Actif:Boursorama:PEAPME
  account: "00088206518"

2018-07-04 open   Actif:Boursorama:PEAPME:Cash              EUR

2018-07-04 * "Depot Ouverture"
    Actif:Boursorama:PEAPME:Cash                         10 EUR
    Actif:Boursorama:CCTim                              -10 EUR

2018-08-01 * "Avance AV pour financer invest Synext"
    Passif:Linxea:Avance                             -20000 EUR
    Actif:Boursorama:CCTim                            20000 EUR

2018-10-16 * "Virement pour invest Pole Laitier"
    Actif:Boursorama:PEAPME:Cash                      11550 EUR
    Actif:Boursorama:CCTim                           -11550 EUR

2018-10-16 open   Actif:Nominatif:CTS2                      CTS2

2018-11-14 * "Investissement CTS1"
  Actif:Nominatif:CTS2                                 8946 CTS2 {1 EUR}
  Actif:Boursorama:CCTim

2018-11-14 open   Actif:Boursorama:PEAPME:CTS1              CTS1

2018-11-14 * "Investissement CTS1"
  Actif:Boursorama:PEAPME:CTS1                        11054 CTS1 {1 EUR}
  Depenses:Banque:Frais                                 500 EUR
  Actif:Boursorama:PEAPME:Cash

*** Assurances Vie

2006-12-05 open Actif:Linxea:AVTim1                         EUR
  account: "P54112927"
2006-12-06 pad  Actif:Linxea:AVTim1   Equity:Opening-Balances
2019-08-19 balance  Actif:Linxea:AVTim1            38691.60 EUR

2013-08-26 open Actif:Boursorama:AVTim2                     EUR
  account: "51517852"
2013-08-27 pad  Actif:Boursorama:AVTim2   Equity:Opening-Balances
2019-08-19 balance  Actif:Boursorama:AVTim2        15391.08 EUR

2011-04-07 open Actif:Linxea:CapiElise                      EUR
  account: "265179379"
2011-04-08 pad  Actif:Linxea:CapiElise   Equity:Opening-Balances
2019-08-19 balance  Actif:Linxea:CapiElise          7170.70 EUR

2015-03-27 open Actif:Linxea:CapiFelicien                   EUR
  account: "264674814"
2015-03-28 pad  Actif:Linxea:CapiFelicien   Equity:Opening-Balances
2019-08-19 balance  Actif:Linxea:CapiFelicien       3550.60 EUR

2013-11-16 open Actif:Boursorama:AVAnna1                    EUR
  account: "51519425"
2013-11-17 pad  Actif:Boursorama:AVAnna1  Equity:Opening-Balances
2019-08-19 balance  Actif:Boursorama:AVAnna1        7509.28 EUR

2015-11-05 open Actif:Boursorama:AVAnna2                    EUR
  account: "51817812"
2015-11-06 pad  Actif:Boursorama:AVAnna2  Equity:Opening-Balances
2019-08-19 balance  Actif:Boursorama:AVAnna2       21818.58 EUR

** Immobilier

2016-02-26 open Actif:Immobilier:RP                         RESIDENCE_PRINCIPALE

2016-02-26 * "Achat de la maison rue Villersexel"
  Actif:Immobilier:RP                                     1 RESIDENCE_PRINCIPALE {255000 EUR}
  Actif:Boursorama:CCJoint
  Passif:Boursorama:EmpruntRP                       -155000 EUR
  Depenses:Immobilier:FraisNotaire                   -19500 EUR

2018-12-15 open Actif:Immobilier:RPParents                  RP_PARENTS

2018-12-15 * "Transmission nue-Prop RP par les parents"
  Actif:Immobilier:RPParents                           0.25 RP_PARENTS {580000*0.6 EUR}
  Revenus:Cerises

2018-12-15 open Actif:Immobilier:JardinsEurope              JARDINSEUROPE

2018-12-15 * "Transmission nue-Prop Jardins de l'Europe par les parents"
  Actif:Immobilier:JardinsEurope                          1 JARDINSEUROPE {100000*0.6 EUR}
  Revenus:Cerises

** Frais en attente de remboursement
1981-02-07 open Actif:NoteDeFrais 


* Comptes Revenus et Depenses

1981-07-02 open Depenses:Abo:Apple                          EUR
1981-07-02 open Depenses:Abo:GooglePlay                     EUR
1981-07-02 open Depenses:Abo:Musique                        EUR
1981-07-02 open Depenses:Abo:Elec                           EUR
1981-07-02 open Depenses:Abo:Eau                            EUR
1981-07-02 open Depenses:Abo:Gaz                            EUR
1981-07-02 open Depenses:Abo:Telephone                      EUR
1981-07-02 open Depenses:Abo:Internet                       EUR
1981-07-02 open Depenses:Abo:Serveur                        EUR
1981-07-02 open Depenses:Alimentaire:Epicerie               EUR
1981-07-02 open Depenses:Alimentaire:Restaurant             EUR
1981-07-02 open Depenses:Alimentaire:VinsEtAlcool           EUR
1981-07-02 open Depenses:Assurance:CB                       EUR
1981-07-02 open Depenses:Banque:Frais                       EUR
1981-07-02 open Depenses:Cadeaux                            EUR
1981-07-02 open Depenses:Coiffeur                           EUR
1981-07-02 open Depenses:Divers                             EUR
1981-07-02 open Depenses:Equipement                         EUR
1981-07-02 open Depenses:Enfants:Coiffeur                   EUR
1981-07-02 open Depenses:Enfants:Scolarite                  EUR
1981-07-02 open Depenses:Enfants:Loisirs                    EUR
1981-07-02 open Depenses:Habillement                        EUR
1981-07-02 open Depenses:Immobilier:FraisNotaire            EUR
1981-07-02 open Depenses:Immobilier:Travaux                 EUR
1981-07-02 open Depenses:Immobilier:Bricolage               EUR
1981-07-02 open Depenses:Immobilier:Assurance               EUR
1981-07-02 open Depenses:Immobilier:Menage                  EUR
1981-07-02 open Depenses:Immobilier:Menage:Salaire          EUR
1981-07-02 open Depenses:Immobilier:Menage:Charges          EUR
1981-07-02 open Depenses:Impots                             EUR
1981-07-02 open Depenses:Impots:IR                          EUR
1981-07-02 open Depenses:Impots:TH                          EUR
1981-07-02 open Depenses:Impots:TF                          EUR
1981-07-02 open Depenses:Loisirs:Billeterie                 EUR
1981-07-02 open Depenses:Loisirs:Culture                    EUR
1981-07-02 open Depenses:Loisirs:Couture                    EUR
1981-07-02 open Depenses:Loisirs:Gadgets                    EUR
1981-07-02 open Depenses:Loisirs:Voyages                    EUR
1981-07-02 open Depenses:Loisirs:Velos                      EUR
1981-07-02 open Depenses:Sante                              EUR
1981-07-02 open Depenses:Voitures:Achats                    EUR
1981-07-02 open Depenses:Voitures:Carburant                 EUR
1981-07-02 open Depenses:Voitures:Assurance                 EUR
1981-07-02 open Depenses:Voitures:Peages                    EUR
1981-07-02 open Depenses:Voitures:Entretien                 EUR
1981-07-02 open Depenses:A-CLASSER                          EUR

1981-07-02 open Revenus:CAF                                 EUR
1981-07-02 open Revenus:Cerises                             EUR
1981-07-02 open Revenus:VentesAnna                          EUR
1981-07-02 open Revenus:Interets                            EUR
1981-07-02 open Revenus:Salaires:Tecnal                     EUR
1981-07-02 open Revenus:Salaires:CHNiort                    EUR

* Cash Daybook
;; This is a section you can use to enter transactions by hand,
;; that is, not from imported OFX files.
;test
1981-07-02 open Actif:Cash                                  EUR
1981-07-03 pad  Actif:Cash  Equity:Opening-Balances
2019-08-23 balance  Actif:Cash                         7000 EUR
2019-05-26 * "WEMAKEIT HOD HASHARON 240.00" ""
  source: "pdfamex"
  statementExtract: "25 mai         26 mai            WEMAKEIT                      HOD HASHARON                                                                240.00                   61,26"
  type: "Credit"
  Actif:NoteDeFrais
  Passif:AirFrance:Amex                              -61.26 EUR

2018-10-11 * "KLM PARIS" "Madagascar"
  source: "pdfamex"
  statementExtract: "10 oct          11 oct            KLM                         PARIS                                                                                                  246,95"
  type: "Credit"
  Depenses:Loisirs:Voyages
  Passif:AirFrance:Amex                             -246.95 EUR

2018-11-28 * "PAYPAL *DEEZER 0155806900" ""
  source: "pdfamex"
  statementExtract: "28 nov        28 nov        PAYPAL *DEEZER               0155806900                                                                             1,99"
  type: "Credit"
  Depenses:Abo:Musique
  Passif:AirFrance:Amex                               -1.99 EUR

2018-12-02 * "GOOGLE*GSUITE FAMILLEGR G.CO HELPPAY#" ""
  source: "pdfamex"
  statementExtract: "2 déc         2 déc         GOOGLE*GSUITE FAMILLEGR G.CO HELPPAY#                                                                              38,40"
  type: "Credit"
  Depenses:Abo:Serveur
  Passif:AirFrance:Amex                              -38.40 EUR

